
    <marc:record source="1989-BNB-Spain-Camilo-Jose-Cela.xml">
        <marc:leader>01576 am a2200313ua 4500</marc:leader>
        <marc:controlfield tag="001">006758542</marc:controlfield>
        <marc:controlfield tag="005">20091118014700.0</marc:controlfield>
        <marc:controlfield tag="008">840824s1979    mx     ||    |||| ||spa  </marc:controlfield>
        <marc:datafield tag="041" ind1=" " ind2=" " created="yes">
            <marc:subfield code="a">spa</marc:subfield>
        </marc:datafield>
        <marc:datafield tag="019" ind1="1" ind2=" ">
            <marc:subfield code="a">9685827060</marc:subfield>
        </marc:datafield>
        <marc:datafield tag="020" ind1=" " ind2=" ">
            <marc:subfield code="a">9685827060</marc:subfield>
        </marc:datafield>
        <marc:datafield tag="245" ind1="0" ind2="0">
            <marc:subfield code="a">Pascual Duarte y Alfanhuí :</marc:subfield>
            <marc:subfield code="b">dos actitudes de posguerra /</marc:subfield>
            <marc:subfield code="c">Yolanda Bache Cortés, Irma Isabel Fernández
                Arias.</marc:subfield>
        </marc:datafield>
        <marc:datafield tag="260" ind1=" " ind2=" ">
            <marc:subfield code="a">México :</marc:subfield>
            <marc:subfield code="b">Universidad Nacional Autónoma de México Centro de Estudios
                Literarios,</marc:subfield>
            <marc:subfield code="c">1979.</marc:subfield>
        </marc:datafield>
        <marc:datafield tag="300" ind1=" " ind2=" ">
            <marc:subfield code="a">xiii,97p.,2leaves of plates.</marc:subfield>
        </marc:datafield>
        <marc:datafield tag="336" ind1=" " ind2=" ">
            <marc:subfield code="a">text</marc:subfield>
            <marc:subfield code="2">rdacontent</marc:subfield>
        </marc:datafield>
        <marc:datafield tag="336" ind1=" " ind2=" " a="t">
            <marc:subfield code="a">text</marc:subfield>
            <marc:subfield code="0">http://rdaregistry.info/termList/RDAContentType/1020</marc:subfield>
        </marc:datafield>
        <marc:datafield tag="337" ind1=" " ind2=" ">
            <marc:subfield code="a">unmediated</marc:subfield>
            <marc:subfield code="2">rdamedia</marc:subfield>
        </marc:datafield>
        <marc:datafield tag="337" ind1=" " ind2=" " a="t">
            <marc:subfield code="a">unmediated</marc:subfield>
            <marc:subfield code="0">http://rdaregistry.info/termList/RDAMediaType/1007</marc:subfield>
        </marc:datafield>
        <marc:datafield tag="338" ind1=" " ind2=" ">
            <marc:subfield code="a">volume</marc:subfield>
            <marc:subfield code="2">rdacarrier</marc:subfield>
        </marc:datafield>
        <marc:datafield tag="338" ind1=" " ind2=" " a="t">
            <marc:subfield code="a">volume</marc:subfield>
            <marc:subfield code="0">http://rdaregistry.info/termList/RDACarrierType/1049</marc:subfield>
        </marc:datafield>
        <marc:datafield tag="380" ind1=" " ind2=" " a="t2">
            <marc:subfield code="a">Language-based work</marc:subfield>
            <marc:subfield code="0">https://schema.nb.no/Bibliographic/Values/V1000</marc:subfield>
        </marc:datafield>
        <marc:datafield tag="505" ind1="0" ind2=" ">
            <marc:subfield code="a">Contents: La familia de Pascual Duarte / Y. Bache Cortés _
                Industrias y andanzas de Alfanhuí / I.I. Fernández Arias.</marc:subfield>
        </marc:datafield>
        <marc:datafield tag="600" ind1="1" ind2="4">
            <marc:subfield code="a">Cela, Camilo José</marc:subfield>
            <marc:subfield code="d">1916-2002.</marc:subfield>
            <marc:subfield code="t">Familia de Pascual Duarte.</marc:subfield>
            <marc:subfield code="1p">http://viaf.org/viaf/14767431</marc:subfield>
            <marc:subfield code="1">http://viaf.org/viaf/177039865</marc:subfield>
        </marc:datafield>
        <marc:datafield tag="600" ind1="1" ind2="4">
            <marc:subfield code="a">Sánchez Ferlosio, Rafael</marc:subfield>
            <marc:subfield code="d">1927-.</marc:subfield>
            <marc:subfield code="t">Industrias y andanzas de Alfanhuí.</marc:subfield>
            <marc:subfield code="1p">sanchezferlosiorafael</marc:subfield>
            <marc:subfield code="1">http://example.org/sanchezferlosiorafael/industriasyandanzasdealfanhu</marc:subfield>
        </marc:datafield>
        <marc:datafield tag="700" ind1="1" ind2="2">
            <marc:subfield code="a">Bache Cortés, Yolanda.</marc:subfield>
            <marc:subfield code="t">Familia de Pascual Duarte.</marc:subfield>
            <marc:subfield code="1p">bachecortesyolanda</marc:subfield>
            <marc:subfield code="1">http://example.org/bachecortesyolanda/familiadepascualduarte</marc:subfield>
        </marc:datafield>
        <marc:datafield tag="700" ind1="1" ind2="2">
            <marc:subfield code="a">Fernández Arias, Irma Isabel.</marc:subfield>
            <marc:subfield code="t">Industrias y andanzas de Alfanhuí.</marc:subfield>
            <marc:subfield code="1p">fernandezariasirmaisabel</marc:subfield>
            <marc:subfield code="1">http://example.org/fernandezariasirmaisabel/industriasyandanzasdealfanhu</marc:subfield>
        </marc:datafield>
    </marc:record>