
    <marc:record source="1989-BNB-Spain-Camilo-Jose-Cela.xml">
        <marc:leader>00825nam a22002777a 4500</marc:leader>
        <marc:controlfield tag="001">013035408</marc:controlfield>
        <marc:controlfield tag="003">Uk</marc:controlfield>
        <marc:controlfield tag="005">20050401181615.0</marc:controlfield>
        <marc:controlfield tag="008">830115s1981    sp       b    000 0 spa  </marc:controlfield>
        <marc:datafield tag="041" ind1=" " ind2=" " created="yes">
            <marc:subfield code="a">spa</marc:subfield>
        </marc:datafield>
        <marc:datafield tag="010" ind1=" " ind2=" ">
            <marc:subfield code="a"> 82116824 </marc:subfield>
        </marc:datafield>
        <marc:datafield tag="020" ind1=" " ind2=" ">
            <marc:subfield code="a">8402082548 (pbk.)</marc:subfield>
        </marc:datafield>
        <marc:datafield tag="050" ind1="0" ind2="4">
            <marc:subfield code="a">PQ6605.E44</marc:subfield>
            <marc:subfield code="b">V33</marc:subfield>
        </marc:datafield>
        <marc:datafield tag="082" ind1="0" ind2=" ">
            <marc:subfield code="a">868.6208</marc:subfield>
            <marc:subfield code="2">19</marc:subfield>
        </marc:datafield>
        <marc:datafield tag="100" ind1="1" ind2=" ">
            <marc:subfield code="a">Cela, Camilo José</marc:subfield>
            <marc:subfield code="d">1916-2002.</marc:subfield>
            <marc:subfield code="1">http://viaf.org/viaf/14767431</marc:subfield>
            <marc:subfield code="4">http://rdaregistry.info/Elements/w/object/P10061</marc:subfield>
        </marc:datafield>
        <marc:datafield tag="240" ind1="1" ind2="0">
            <marc:subfield code="a">Los vasos comunicantes</marc:subfield>
            <marc:subfield code="1">http://workid.oslomet.no/cjc/75</marc:subfield>
        </marc:datafield>
        <marc:datafield tag="245" ind1="1" ind2="4">
            <marc:subfield code="a">Los vasos comunicantes /</marc:subfield>
            <marc:subfield code="c">Camilo José Cela.</marc:subfield>
        </marc:datafield>
        <marc:datafield tag="250" ind1=" " ind2=" ">
            <marc:subfield code="a">1a ed.</marc:subfield>
        </marc:datafield>
        <marc:datafield tag="260" ind1=" " ind2=" ">
            <marc:subfield code="a">Barcelona :</marc:subfield>
            <marc:subfield code="b">Bruguera,</marc:subfield>
            <marc:subfield code="c">1981.</marc:subfield>
        </marc:datafield>
        <marc:datafield tag="300" ind1=" " ind2=" ">
            <marc:subfield code="a">474 p. ;</marc:subfield>
            <marc:subfield code="c">19 cm.</marc:subfield>
        </marc:datafield>
        <marc:datafield tag="336" ind1=" " ind2=" ">
            <marc:subfield code="a">text</marc:subfield>
            <marc:subfield code="2">rdacontent</marc:subfield>
        </marc:datafield>
        <marc:datafield tag="336" ind1=" " ind2=" " a="t">
            <marc:subfield code="a">text</marc:subfield>
            <marc:subfield code="0">http://rdaregistry.info/termList/RDAContentType/1020</marc:subfield>
        </marc:datafield>
        <marc:datafield tag="337" ind1=" " ind2=" ">
            <marc:subfield code="a">unmediated</marc:subfield>
            <marc:subfield code="2">rdamedia</marc:subfield>
        </marc:datafield>
        <marc:datafield tag="337" ind1=" " ind2=" " a="t">
            <marc:subfield code="a">unmediated</marc:subfield>
            <marc:subfield code="0">http://rdaregistry.info/termList/RDAMediaType/1007</marc:subfield>
        </marc:datafield>
        <marc:datafield tag="338" ind1=" " ind2=" ">
            <marc:subfield code="a">volume</marc:subfield>
            <marc:subfield code="2">rdacarrier</marc:subfield>
        </marc:datafield>
        <marc:datafield tag="338" ind1=" " ind2=" " a="t">
            <marc:subfield code="a">volume</marc:subfield>
            <marc:subfield code="0">http://rdaregistry.info/termList/RDACarrierType/1049</marc:subfield>
        </marc:datafield>
        <marc:datafield tag="380" ind1=" " ind2=" " a="t2">
            <marc:subfield code="a">Language-based work</marc:subfield>
            <marc:subfield code="0">https://schema.nb.no/Bibliographic/Values/V1000</marc:subfield>
        </marc:datafield>
        <marc:datafield tag="490" ind1="1" ind2=" ">
            <marc:subfield code="a">Narradores de hoy ;</marc:subfield>
            <marc:subfield code="v">57</marc:subfield>
        </marc:datafield>
        <marc:datafield tag="504" ind1=" " ind2=" ">
            <marc:subfield code="a">Includes bibliographical references.</marc:subfield>
        </marc:datafield>
        <marc:datafield tag="830" ind1=" " ind2="0">
            <marc:subfield code="a">Narradores de hoy (Editorial Bruguera) ;</marc:subfield>
            <marc:subfield code="v">57.</marc:subfield>
        </marc:datafield>
    </marc:record>