
    <marc:record source="1989-BNE-Spain-Camilo-Jose-Cela.xml">
        <marc:leader>03166ngm a2200637 c 4500</marc:leader>
        <marc:controlfield tag="001">a5087389</marc:controlfield>
        <marc:controlfield tag="003">SpMaBN</marc:controlfield>
        <marc:controlfield tag="005">20170609004554.6</marc:controlfield>
        <marc:controlfield tag="007">vd*cvaigs</marc:controlfield>
        <marc:controlfield tag="008">110721s2008    sp 107 g         1vlspa  </marc:controlfield>
        <marc:datafield tag="041" ind1=" " ind2=" " created="yes">
            <marc:subfield code="a">mul</marc:subfield>
            <marc:subfield code="j">spa</marc:subfield>
        </marc:datafield>
        <marc:datafield tag="015" ind1=" " ind2=" ">
            <marc:subfield code="a">VD08</marc:subfield>
        </marc:datafield>
        <marc:datafield tag="017" ind1=" " ind2=" ">
            <marc:subfield code="a">M 31497-2008</marc:subfield>
            <marc:subfield code="b">Oficina Depósito Legal Madrid</marc:subfield>
        </marc:datafield>
        <marc:datafield tag="130" ind1=" " ind2=" ">
            <marc:subfield code="a">La Colmena</marc:subfield>
            <marc:subfield code="1">https://www.imdb.com/title/tt0083743/</marc:subfield>
        </marc:datafield>
        <marc:datafield tag="245" ind1="0" ind2="3">
            <marc:subfield code="a">La colmena</marc:subfield>
            <marc:subfield code="h">[Videograbación]</marc:subfield>
            <marc:subfield code="c">dirección, Mario Camus ; producida por y guión de José Luis
                Dibildos ; director de fotografía, Hans Burmann ; música, Antón García Abril ;
                director de producción, Julio Parra</marc:subfield>
        </marc:datafield>
        <marc:datafield tag="260" ind1=" " ind2=" ">
            <marc:subfield code="a">[Madrid]</marc:subfield>
            <marc:subfield code="b">Unidad Editorial Prensa Diaria</marc:subfield>
            <marc:subfield code="c">D.L. 2008</marc:subfield>
        </marc:datafield>
        <marc:datafield tag="300" ind1=" " ind2=" ">
            <marc:subfield code="a">1 DVD-Vídeo (ca. 107 min)</marc:subfield>
            <marc:subfield code="b">son., col.</marc:subfield>
        </marc:datafield>
        <marc:datafield tag="336" ind1=" " ind2=" ">
            <marc:subfield code="a">moving image</marc:subfield>
            <marc:subfield code="0">http://rdaregistry.info/termList/RDAContentType/1023</marc:subfield>
        </marc:datafield>
        <marc:datafield tag="337" ind1=" " ind2=" ">
            <marc:subfield code="a">video</marc:subfield>
            <marc:subfield code="0">http://rdaregistry.info/termList/RDAMediaType/1008</marc:subfield>
        </marc:datafield>
        <marc:datafield tag="338" ind1=" " ind2=" ">
            <marc:subfield code="a">video disc</marc:subfield>
            <marc:subfield code="0">http://rdaregistry.info/termList/RDACarrierType/1060</marc:subfield>
        </marc:datafield>
        <marc:datafield tag="380" ind1=" " ind2=" ">
            <marc:subfield code="a">Moving image work</marc:subfield>
            <marc:subfield code="0">https://schema.nb.no/Bibliographic/Values/V1002</marc:subfield>
        </marc:datafield>
        <marc:datafield tag="490" ind1="1" ind2=" ">
            <marc:subfield code="a">El cine español año a año, 1978-2007</marc:subfield>
            <marc:subfield code="v">5</marc:subfield>
        </marc:datafield>
        <marc:datafield tag="500" ind1=" " ind2=" ">
            <marc:subfield code="a">Basada en una novela homónima de Camilo José
                Cela</marc:subfield>
        </marc:datafield>
        <marc:datafield tag="500" ind1=" " ind2=" ">
            <marc:subfield code="a">Película ganadora del Oso de Oro en el Festival de Berlín de
                1983. Otros premios: "Medallas CEC" (1983), "Fotogramas de Plata" (1988), "Premios
                ACE" (1984)</marc:subfield>
        </marc:datafield>
        <marc:datafield tag="500" ind1=" " ind2=" ">
            <marc:subfield code="a">Incluye extras con información adicional</marc:subfield>
        </marc:datafield>
        <marc:datafield tag="500" ind1=" " ind2=" ">
            <marc:subfield code="a">En carátula: "Las películas de nuestra vida"</marc:subfield>
        </marc:datafield>
        <marc:datafield tag="505" ind1="0" ind2=" ">
            <marc:subfield code="a">Canciones: Ojos verdes / Valverde, León y Quiroga. Mi caravana /
                Roberto Berki y F. Sedano. La Lirio / Ochaíta, León y Quiroga. A media luz / César
                Lenzi y Edgardo Donato</marc:subfield>
        </marc:datafield>
        <marc:datafield tag="508" ind1=" " ind2=" ">
            <marc:subfield code="a">Ayudante de dirección, Benito Rabal ; ayudante de producción,
                José Luis García</marc:subfield>
        </marc:datafield>
        <marc:datafield tag="511" ind1="1" ind2=" ">
            <marc:subfield code="a">Victoria Abril, Ana Belén, Francisco Algora, Francisco Rabal,
                Mario Pardo, Fiorella Faltoyano, José Bódalo, Charo López</marc:subfield>
        </marc:datafield>
        <marc:datafield tag="518" ind1=" " ind2=" ">
            <marc:subfield code="a">Realizada en 1982 en España</marc:subfield>
        </marc:datafield>
        <marc:datafield tag="520" ind1="3" ind2=" ">
            <marc:subfield code="a">La colmena no es otra cosa que un pálido reflejo, que una
                humilde sombra de la cotidiana, áspera, entrañable y dolorosa realidad. Un trozo de
                vida narrado sin reticencias, sin extrañas tragedias, sin caridad, como la vida
                discurre, exactamente como la vida discurre</marc:subfield>
        </marc:datafield>
        <marc:datafield tag="521" ind1=" " ind2=" ">
            <marc:subfield code="a">No recomendada para menores de 14 años</marc:subfield>
        </marc:datafield>
        <marc:datafield tag="596" ind1=" " ind2=" ">
            <marc:subfield code="a">Ejemplar comercializado por el diario El Mundo</marc:subfield>
        </marc:datafield>
        <marc:datafield tag="597" ind1=" " ind2=" ">
            <marc:subfield code="a">Formato de película 1.33:1</marc:subfield>
        </marc:datafield>
        <marc:datafield tag="597" ind1=" " ind2=" ">
            <marc:subfield code="a">Formato de pantalla 4:3</marc:subfield>
        </marc:datafield>
        <marc:datafield tag="597" ind1=" " ind2=" ">
            <marc:subfield code="a">Formato de sonido Dolby Digital 2.0</marc:subfield>
        </marc:datafield>
        <marc:datafield tag="597" ind1=" " ind2=" ">
            <marc:subfield code="a">Sistema de grabación PAL</marc:subfield>
        </marc:datafield>
        <marc:datafield tag="700" ind1="1" ind2=" ">
            <marc:subfield code="a">Camus, Mario</marc:subfield>
            <marc:subfield code="d">1935-</marc:subfield>
            <marc:subfield code="1">http://example.org/camusmario</marc:subfield>
            <marc:subfield code="4">drt</marc:subfield>
            <marc:subfield code="4">http://rdaregistry.info/Elements/w/object/P10066</marc:subfield>
        </marc:datafield>
        <marc:datafield tag="700" ind1="1" ind2=" ">
            <marc:subfield code="a">Cela, Camilo José</marc:subfield>
            <marc:subfield code="d">1916-2002</marc:subfield>
            <marc:subfield code="t">La colmena</marc:subfield>
            <marc:subfield code="1p">http://viaf.org/viaf/14767431</marc:subfield>
            <marc:subfield code="1">http://viaf.org/viaf/178631752</marc:subfield>
            <marc:subfield code="4">http://rdaregistry.info/Elements/w/object/P10134</marc:subfield>
        </marc:datafield>
        <marc:datafield tag="700" ind1="1" ind2=" ">
            <marc:subfield code="a">Dibildos, José Luis</marc:subfield>
            <marc:subfield code="d">1929-2002</marc:subfield>
            <marc:subfield code="1">http://example.org/dibildosjosluis</marc:subfield>
            <marc:subfield code="4">pro</marc:subfield>
            <marc:subfield code="4">http://rdaregistry.info/Elements/w/object/P10064</marc:subfield>
        </marc:datafield>
        <marc:datafield tag="700" ind1="1" ind2=" ">
            <marc:subfield code="a">Burman, Hans</marc:subfield>
            <marc:subfield code="d">1937-</marc:subfield>
            <marc:subfield code="1">http://example.org/burmanhans</marc:subfield>
            <marc:subfield code="4">drt</marc:subfield>
            <marc:subfield code="4">http://rdaregistry.info/Elements/w/object/P10066</marc:subfield>
        </marc:datafield>
        <marc:datafield tag="700" ind1="1" ind2=" ">
            <marc:subfield code="a">García Abril, Antón</marc:subfield>
            <marc:subfield code="d">1933-</marc:subfield>
            <marc:subfield code="1">http://example.org/garcaabrilantn</marc:subfield>
            <marc:subfield code="4">cmp</marc:subfield>
            <marc:subfield code="4">http://rdaregistry.info/Elements/w/object/P10053</marc:subfield>
        </marc:datafield>
        <marc:datafield tag="700" ind1="1" ind2=" ">
            <marc:subfield code="a">Parra, Julio</marc:subfield>
            <marc:subfield code="1">http://example.org/parrajulio</marc:subfield>
            <marc:subfield code="4">act</marc:subfield>
            <marc:subfield code="4">http://rdaregistry.info/Elements/e/object/P20012</marc:subfield>
        </marc:datafield>
        <marc:datafield tag="700" ind1="1" ind2=" ">
            <marc:subfield code="a">Abril, Victoria</marc:subfield>
            <marc:subfield code="d">1959-</marc:subfield>
            <marc:subfield code="1">http://example.org/abrilvictoria</marc:subfield>
            <marc:subfield code="4">act</marc:subfield>
            <marc:subfield code="4">http://rdaregistry.info/Elements/e/object/P20012</marc:subfield>
        </marc:datafield>
        <marc:datafield tag="700" ind1="0" ind2=" ">
            <marc:subfield code="a">Ana Belén</marc:subfield>
            <marc:subfield code="d">1951-</marc:subfield>
            <marc:subfield code="1">http://example.org/anabeln</marc:subfield>
            <marc:subfield code="4">act</marc:subfield>
            <marc:subfield code="4">http://rdaregistry.info/Elements/e/object/P20012</marc:subfield>
        </marc:datafield>
        <marc:datafield tag="700" ind1="1" ind2=" ">
            <marc:subfield code="a">Algora, Francisco</marc:subfield>
            <marc:subfield code="d">1948-2016</marc:subfield>
            <marc:subfield code="1">http://viaf.org/viaf/56299308</marc:subfield>
            <marc:subfield code="4">act</marc:subfield>
            <marc:subfield code="4">http://rdaregistry.info/Elements/e/object/P20012</marc:subfield>
        </marc:datafield>
        <marc:datafield tag="700" ind1="1" ind2=" ">
            <marc:subfield code="a">Rabal, Francisco</marc:subfield>
            <marc:subfield code="d">1926-2001</marc:subfield>
            <marc:subfield code="1">http://example.org/rabalfrancisco</marc:subfield>
            <marc:subfield code="4">act</marc:subfield>
            <marc:subfield code="4">http://rdaregistry.info/Elements/e/object/P20012</marc:subfield>
        </marc:datafield>
        <marc:datafield tag="700" ind1="1" ind2=" ">
            <marc:subfield code="a">Pardo, Mario</marc:subfield>
            <marc:subfield code="d">1944-</marc:subfield>
            <marc:subfield code="1">http://example.org/pardomario</marc:subfield>
            <marc:subfield code="4">act</marc:subfield>
            <marc:subfield code="4">http://rdaregistry.info/Elements/e/object/P20012</marc:subfield>
        </marc:datafield>
        <marc:datafield tag="700" ind1="1" ind2=" ">
            <marc:subfield code="a">Faltoyano, Fiorella</marc:subfield>
            <marc:subfield code="d">1950-</marc:subfield>
            <marc:subfield code="1">http://example.org/faltoyanofiorella</marc:subfield>
            <marc:subfield code="4">act</marc:subfield>
            <marc:subfield code="4">http://rdaregistry.info/Elements/e/object/P20012</marc:subfield>
        </marc:datafield>
        <marc:datafield tag="700" ind1="1" ind2=" ">
            <marc:subfield code="a">Bódalo, José</marc:subfield>
            <marc:subfield code="d">1916-1985</marc:subfield>
            <marc:subfield code="1">http://example.org/bdalojos</marc:subfield>
            <marc:subfield code="4">act</marc:subfield>
            <marc:subfield code="4">http://rdaregistry.info/Elements/e/object/P20012</marc:subfield>
        </marc:datafield>
        <marc:datafield tag="700" ind1="1" ind2=" ">
            <marc:subfield code="a">López, Charo</marc:subfield>
            <marc:subfield code="d">1943-</marc:subfield>
            <marc:subfield code="1">http://example.org/lpezcharo</marc:subfield>
            <marc:subfield code="4">act</marc:subfield>
            <marc:subfield code="4">http://rdaregistry.info/Elements/e/object/P20012</marc:subfield>
        </marc:datafield>
        <marc:datafield tag="711" ind1="2" ind2=" ">
            <marc:subfield code="a">Internationale Filmfestspiele</marc:subfield>
            <marc:subfield code="n">33º</marc:subfield>
            <marc:subfield code="d">1983</marc:subfield>
            <marc:subfield code="c">Berlín</marc:subfield>
        </marc:datafield>
        <marc:datafield tag="711" ind1="2" ind2=" ">
            <marc:subfield code="a">Medallas CEC</marc:subfield>
            <marc:subfield code="n">39ª</marc:subfield>
            <marc:subfield code="d">1983</marc:subfield>
            <marc:subfield code="c">Madrid</marc:subfield>
        </marc:datafield>
        <marc:datafield tag="711" ind1="2" ind2=" ">
            <marc:subfield code="a">Fotogramas de Plata</marc:subfield>
            <marc:subfield code="n">38º</marc:subfield>
            <marc:subfield code="d">1988</marc:subfield>
            <marc:subfield code="c">Madrid</marc:subfield>
        </marc:datafield>
        <marc:datafield tag="711" ind1="2" ind2=" ">
            <marc:subfield code="a">Premios ACE</marc:subfield>
            <marc:subfield code="n">16º</marc:subfield>
            <marc:subfield code="d">1984</marc:subfield>
            <marc:subfield code="c">Nueva York</marc:subfield>
        </marc:datafield>
        <marc:datafield tag="830" ind1=" " ind2="3">
            <marc:subfield code="a">El cine español año a año, 1978-2007</marc:subfield>
            <marc:subfield code="v">5</marc:subfield>
        </marc:datafield>
    </marc:record>