
    <marc:record source="1989-BNE-Spain-Camilo-Jose-Cela.xml">
        <marc:leader>01270nam a22003251 4500</marc:leader>
        <marc:controlfield tag="001">bimo0000655352</marc:controlfield>
        <marc:controlfield tag="003">SpMaBN</marc:controlfield>
        <marc:controlfield tag="005">20140311013907.3</marc:controlfield>
        <marc:controlfield tag="008">900725s1965    sp                  spa  </marc:controlfield>
        <marc:datafield tag="041" ind1=" " ind2=" " created="yes">
            <marc:subfield code="a">spa</marc:subfield>
        </marc:datafield>
        <marc:datafield tag="016" ind1="7" ind2=" ">
            <marc:subfield code="a">bimoBNE19971354036</marc:subfield>
            <marc:subfield code="z">IND9100151019</marc:subfield>
            <marc:subfield code="2">SpMaBN</marc:subfield>
        </marc:datafield>
        <marc:datafield tag="017" ind1=" " ind2=" ">
            <marc:subfield code="a">M 981-1965</marc:subfield>
            <marc:subfield code="b">Oficina Depósito Legal Madrid</marc:subfield>
        </marc:datafield>
        <marc:datafield tag="080" ind1=" " ind2="0">
            <marc:subfield code="a">86-36"19"</marc:subfield>
        </marc:datafield>
        <marc:datafield tag="100" ind1="1" ind2=" ">
            <marc:subfield code="a">Cela, Camilo José</marc:subfield>
            <marc:subfield code="d">1916-2002</marc:subfield>
            <marc:subfield code="1">http://viaf.org/viaf/14767431</marc:subfield>
            <marc:subfield code="4">http://rdaregistry.info/Elements/w/object/P10061</marc:subfield>
        </marc:datafield>
        <marc:datafield tag="240" ind1="1" ind2="0">
            <marc:subfield code="a">Historias de España. Los ciegos. Los tontos</marc:subfield>
            <marc:subfield code="1">http://workid.oslomet.no/cjc/32</marc:subfield>
        </marc:datafield>
        <marc:datafield tag="245" ind1="1" ind2="0">
            <marc:subfield code="a">Historias de España</marc:subfield>
            <marc:subfield code="h">[Texto impreso] ;</marc:subfield>
            <marc:subfield code="b">Los ciegos ; los tontos</marc:subfield>
        </marc:datafield>
        <marc:datafield tag="250" ind1=" " ind2=" ">
            <marc:subfield code="a">Nueva ed.</marc:subfield>
            <marc:subfield code="b">corr. y aum. Ilustraciones de Lorenzo Goñi</marc:subfield>
        </marc:datafield>
        <marc:datafield tag="260" ind1=" " ind2=" ">
            <marc:subfield code="a">Madrid</marc:subfield>
            <marc:subfield code="b">Alfaguara</marc:subfield>
            <marc:subfield code="c">[1965]</marc:subfield>
        </marc:datafield>
        <marc:datafield tag="300" ind1=" " ind2=" ">
            <marc:subfield code="a">99 p. 2 h. con lám.</marc:subfield>
            <marc:subfield code="c">28 cm</marc:subfield>
        </marc:datafield>
        <marc:datafield tag="336" ind1=" " ind2=" " tempvalue="true">
            <marc:subfield code="a">text</marc:subfield>
        </marc:datafield>
        <marc:datafield tag="336" ind1=" " ind2=" " a="t">
            <marc:subfield code="a">text</marc:subfield>
            <marc:subfield code="0">http://rdaregistry.info/termList/RDAContentType/1020</marc:subfield>
        </marc:datafield>
        <marc:datafield tag="337" ind1=" " ind2=" " a="t2">
            <marc:subfield code="a">unmediated</marc:subfield>
            <marc:subfield code="0">http://rdaregistry.info/termList/RDAMediaType/1007</marc:subfield>
        </marc:datafield>
        <marc:datafield tag="338" ind1=" " ind2=" " a="t2">
            <marc:subfield code="a">volume</marc:subfield>
            <marc:subfield code="0">http://rdaregistry.info/termList/RDACarrierType/1049</marc:subfield>
        </marc:datafield>
        <marc:datafield tag="380" ind1=" " ind2=" " a="t2">
            <marc:subfield code="a">Language-based work</marc:subfield>
            <marc:subfield code="0">https://schema.nb.no/Bibliographic/Values/V1000</marc:subfield>
        </marc:datafield>
        <marc:datafield tag="490" ind1="0" ind2=" ">
            <marc:subfield code="a">A la Pata de Palo</marc:subfield>
            <marc:subfield code="v">v. I</marc:subfield>
        </marc:datafield>
        <marc:datafield tag="700" ind1="1" ind2="1">
            <marc:subfield code="a">Goñi, Lorenzo</marc:subfield>
            <marc:subfield code="d">1911-1992</marc:subfield>
            <marc:subfield code="1">http://example.org/goilorenzo</marc:subfield>
            <marc:subfield code="4">ill</marc:subfield>
            <marc:subfield code="4">http://rdaregistry.info/Elements/m/object/P30321</marc:subfield>
        </marc:datafield>
        <marc:datafield tag="740" ind1="4" ind2="1">
            <marc:subfield code="a">Los Tontos.</marc:subfield>
        </marc:datafield>
    </marc:record>