
    <marc:record source="1989-BNE-Spain-Camilo-Jose-Cela.xml">
        <marc:leader>02148nim a2200457 c 4500</marc:leader>
        <marc:controlfield tag="001">a5208850</marc:controlfield>
        <marc:controlfield tag="003">SpMaBN</marc:controlfield>
        <marc:controlfield tag="005">20170715004959.7</marc:controlfield>
        <marc:controlfield tag="008">120523s1996    sp nnn        df    spa  </marc:controlfield>
        <marc:datafield tag="041" ind1=" " ind2=" " created="yes">
            <marc:subfield code="a">spa</marc:subfield>
        </marc:datafield>
        <marc:datafield tag="015" ind1=" " ind2=" ">
            <marc:subfield code="a">SON96</marc:subfield>
        </marc:datafield>
        <marc:datafield tag="017" ind1=" " ind2=" ">
            <marc:subfield code="a">B 29428-1996 (CD)</marc:subfield>
        </marc:datafield>
        <marc:datafield tag="017" ind1=" " ind2=" ">
            <marc:subfield code="a">B 30029-1996 (libro)</marc:subfield>
        </marc:datafield>
        <marc:datafield tag="020" ind1=" " ind2=" ">
            <marc:subfield code="a">84-226-6316-3 (Circulo de Lectores)</marc:subfield>
        </marc:datafield>
        <marc:datafield tag="020" ind1=" " ind2=" ">
            <marc:subfield code="a">84-8109-124-3 (Galaxia Gutenberg)</marc:subfield>
        </marc:datafield>
        <marc:datafield tag="028" ind1="0" ind2="0">
            <marc:subfield code="a">42010-1 a 42010-3</marc:subfield>
            <marc:subfield code="b">Círculo de Lectores, Galaxia Gutenberg</marc:subfield>
        </marc:datafield>
        <marc:datafield tag="084" ind1=" " ind2=" ">
            <marc:subfield code="a">12.1</marc:subfield>
            <marc:subfield code="2">MU</marc:subfield>
        </marc:datafield>
        <marc:datafield tag="100" ind1="1" ind2=" ">
            <marc:subfield code="a">Cela, Camilo José</marc:subfield>
            <marc:subfield code="d">1916-2002</marc:subfield>
            <marc:subfield code="1">http://viaf.org/viaf/14767431</marc:subfield>
            <marc:subfield code="4">http://rdaregistry.info/Elements/w/object/P10061</marc:subfield>
        </marc:datafield>
        <marc:datafield tag="240" ind1="1" ind2="3">
            <marc:subfield code="a">La familia de Pascual Duarte</marc:subfield>
            <marc:subfield code="1">http://viaf.org/viaf/177039865</marc:subfield>
        </marc:datafield>
        <marc:datafield tag="245" ind1="1" ind2="0">
            <marc:subfield code="a">Camilo José Cela lee "La familia de Pascual Duarte"
                :</marc:subfield>
            <marc:subfield code="b">versión íntegra</marc:subfield>
        </marc:datafield>
        <marc:datafield tag="260" ind1=" " ind2=" ">
            <marc:subfield code="a">Barcelona</marc:subfield>
            <marc:subfield code="b">Círculo de Lectores</marc:subfield>
            <marc:subfield code="b">Galaxia Gutenberg</marc:subfield>
            <marc:subfield code="c">D.L. 1996</marc:subfield>
        </marc:datafield>
        <marc:datafield tag="300" ind1=" " ind2=" ">
            <marc:subfield code="a">3 CD (207 min.)</marc:subfield>
            <marc:subfield code="c">12cm</marc:subfield>
            <marc:subfield code="e">1 libro (203 p.)</marc:subfield>
        </marc:datafield>
        <marc:datafield tag="336" ind1=" " ind2=" ">
            <marc:subfield code="a">Palabra hablada</marc:subfield>
            <marc:subfield code="2">isbdcontent</marc:subfield>
        </marc:datafield>
        <marc:datafield tag="336" ind1=" " ind2=" " a="t">
            <marc:subfield code="a">spoken word</marc:subfield>
            <marc:subfield code="0">http://rdaregistry.info/termList/RDAContentType/1013</marc:subfield>
        </marc:datafield>
        <marc:datafield tag="337" ind1=" " ind2=" ">
            <marc:subfield code="a">audio</marc:subfield>
            <marc:subfield code="2">isbdmedia</marc:subfield>
        </marc:datafield>
        <marc:datafield tag="337" ind1=" " ind2=" " a="t">
            <marc:subfield code="a">audio</marc:subfield>
            <marc:subfield code="0">http://rdaregistry.info/termList/RDAMediaType/1001</marc:subfield>
        </marc:datafield>
        <marc:datafield tag="338" ind1=" " ind2=" ">
            <marc:subfield code="a">audio disc</marc:subfield>
            <marc:subfield code="0">http://rdaregistry.info/termList/RDACarrierType/1013</marc:subfield>
        </marc:datafield>
        <marc:datafield tag="380" ind1=" " ind2=" ">
            <marc:subfield code="a">Language-based work</marc:subfield>
            <marc:subfield code="0">https://schema.nb.no/Bibliographic/Values/V1000</marc:subfield>
        </marc:datafield>
        <marc:datafield tag="490" ind1="0" ind2=" ">
            <marc:subfield code="a">Biblioteca sonora de la literatura : escritores en su
                voz</marc:subfield>
        </marc:datafield>
        <marc:datafield tag="500" ind1=" " ind2=" ">
            <marc:subfield code="a">Libro con la guía de la audición, documentación fotográfica y
                texto íntegro de la novela</marc:subfield>
        </marc:datafield>
        <marc:datafield tag="505" ind1="0" ind2=" ">
            <marc:subfield code="a">CD 1. (66 min.) Dedicatoria. Nota del transcriptor. Carta
                anunciando el envío del original. Cláusula del testamento ológrafo otorgado por don
                Joaquín Barrera López. Dedicatoria de P. D.. Capítulo I al V -- CD 2. (76 min.)
                Capítulo VI al Capítulo XIV -- CD 3. (63 min.) Capítulo XV al Capítulo XIX. Otra
                nota del transcriptor</marc:subfield>
        </marc:datafield>
        <marc:datafield tag="511" ind1="3" ind2=" ">
            <marc:subfield code="a">Camilo José Cela</marc:subfield>
        </marc:datafield>
        <marc:datafield tag="518" ind1=" " ind2=" ">
            <marc:subfield code="a">Grabación realizada en los Estudios BMG-Entertainment de Madrid
                el 28 y 29 de marzo de 1994</marc:subfield>
        </marc:datafield>
        <marc:datafield tag="520" ind1=" " ind2=" ">
            <marc:subfield code="a">Obra leída por su propio autor</marc:subfield>
        </marc:datafield>
        <marc:datafield tag="600" ind1="1" ind2="7">
            <marc:subfield code="a">Cela, Camilo José</marc:subfield>
            <marc:subfield code="d">1916-2002</marc:subfield>
            <marc:subfield code="t">La familia de Pascual Duarte </marc:subfield>
            <marc:subfield code="1p">http://viaf.org/viaf/14767431</marc:subfield>
            <marc:subfield code="1">http://viaf.org/viaf/177039865</marc:subfield>
        </marc:datafield>
        <marc:datafield tag="650" ind1=" " ind2="7">
            <marc:subfield code="a">Literatura española</marc:subfield>
            <marc:subfield code="y">S.XX</marc:subfield>
            <marc:subfield code="v">Grabaciones sonoras</marc:subfield>
            <marc:subfield code="2">embne</marc:subfield>
        </marc:datafield>
        <marc:datafield tag="700" ind1="1" ind2=" ">
            <marc:subfield code="a">Cela, Camilo José</marc:subfield>
            <marc:subfield code="d">1916-2002</marc:subfield>
            <marc:subfield code="4">nrt</marc:subfield>
            <marc:subfield code="4">http://rdaregistry.info/Elements/e/object/P20022</marc:subfield>
            <marc:subfield code="1">http://viaf.org/viaf/14767431</marc:subfield>
        </marc:datafield>
    </marc:record>