
    <marc:record source="1989-BNE-Spain-Camilo-Jose-Cela.xml">
        <marc:leader>01538nam a22003731i 4500</marc:leader>
        <marc:controlfield tag="001">bimo0000655338</marc:controlfield>
        <marc:controlfield tag="003">SpMaBN</marc:controlfield>
        <marc:controlfield tag="005">20140311013907.3</marc:controlfield>
        <marc:controlfield tag="008">900725s1980    sp                  spa  </marc:controlfield>
        <marc:datafield tag="041" ind1=" " ind2=" " created="yes">
            <marc:subfield code="a">spa</marc:subfield>
        </marc:datafield>
        <marc:datafield tag="016" ind1="7" ind2=" ">
            <marc:subfield code="a">bimoBNE19971353899</marc:subfield>
            <marc:subfield code="z">IND9100151004</marc:subfield>
            <marc:subfield code="2">SpMaBN</marc:subfield>
        </marc:datafield>
        <marc:datafield tag="017" ind1=" " ind2=" ">
            <marc:subfield code="a">B 31335-1980</marc:subfield>
            <marc:subfield code="b">Oficina Depósito Legal Barcelona</marc:subfield>
        </marc:datafield>
        <marc:datafield tag="020" ind1=" " ind2=" ">
            <marc:subfield code="a">84-233-0732-8</marc:subfield>
            <marc:subfield code="c">250 pts.</marc:subfield>
        </marc:datafield>
        <marc:datafield tag="080" ind1=" " ind2="0">
            <marc:subfield code="a">860-31"19"</marc:subfield>
        </marc:datafield>
        <marc:datafield tag="100" ind1="1" ind2=" ">
            <marc:subfield code="a">Cela, Camilo José</marc:subfield>
            <marc:subfield code="d">1916-2002</marc:subfield>
            <marc:subfield code="1">http://viaf.org/viaf/14767431</marc:subfield>
            <marc:subfield code="4">http://rdaregistry.info/Elements/w/object/P10061</marc:subfield>
        </marc:datafield>
        <marc:datafield tag="240" ind1="1" ind2="0">
            <marc:subfield code="a">La familia de Pascual Duarte</marc:subfield>
            <marc:subfield code="1">http://viaf.org/viaf/177039865</marc:subfield>
        </marc:datafield>
        <marc:datafield tag="245" ind1="1" ind2="3">
            <marc:subfield code="a">La familia de Pascual Duarte</marc:subfield>
            <marc:subfield code="h">[Texto impreso]</marc:subfield>
            <marc:subfield code="c">Camilo José Cela</marc:subfield>
        </marc:datafield>
        <marc:datafield tag="250" ind1=" " ind2=" ">
            <marc:subfield code="a">10ª ed.</marc:subfield>
        </marc:datafield>
        <marc:datafield tag="260" ind1=" " ind2=" ">
            <marc:subfield code="a">Barcelona</marc:subfield>
            <marc:subfield code="b">Destino</marc:subfield>
            <marc:subfield code="c">1980</marc:subfield>
        </marc:datafield>
        <marc:datafield tag="300" ind1=" " ind2=" ">
            <marc:subfield code="a">164 p., 2 h.</marc:subfield>
            <marc:subfield code="c">18 cm</marc:subfield>
        </marc:datafield>
        <marc:datafield tag="336" ind1=" " ind2=" " tempvalue="true">
            <marc:subfield code="a">text</marc:subfield>
        </marc:datafield>
        <marc:datafield tag="336" ind1=" " ind2=" " a="t">
            <marc:subfield code="a">text</marc:subfield>
            <marc:subfield code="0">http://rdaregistry.info/termList/RDAContentType/1020</marc:subfield>
        </marc:datafield>
        <marc:datafield tag="337" ind1=" " ind2=" " a="t2">
            <marc:subfield code="a">unmediated</marc:subfield>
            <marc:subfield code="0">http://rdaregistry.info/termList/RDAMediaType/1007</marc:subfield>
        </marc:datafield>
        <marc:datafield tag="338" ind1=" " ind2=" " a="t2">
            <marc:subfield code="a">volume</marc:subfield>
            <marc:subfield code="0">http://rdaregistry.info/termList/RDACarrierType/1049</marc:subfield>
        </marc:datafield>
        <marc:datafield tag="380" ind1=" " ind2=" " a="t2">
            <marc:subfield code="a">Language-based work</marc:subfield>
            <marc:subfield code="0">https://schema.nb.no/Bibliographic/Values/V1000</marc:subfield>
        </marc:datafield>
        <marc:datafield tag="490" ind1="0" ind2=" ">
            <marc:subfield code="a">Colección Destinolibro</marc:subfield>
            <marc:subfield code="v">4</marc:subfield>
        </marc:datafield>
        <marc:datafield tag="500" ind1=" " ind2=" ">
            <marc:subfield code="a">Indice</marc:subfield>
        </marc:datafield>
    </marc:record>