
    <marc:record source="1989-BNE-Spain-Camilo-Jose-Cela.xml">
        <marc:leader>02534ngm a2200481 4500</marc:leader>
        <marc:controlfield tag="001">a5617162</marc:controlfield>
        <marc:controlfield tag="003">SpMaBN</marc:controlfield>
        <marc:controlfield tag="005">20150714022623.3</marc:controlfield>
        <marc:controlfield tag="007">vdrcvaizm</marc:controlfield>
        <marc:controlfield tag="008">150303s2014    sp 099 g         1v spa  </marc:controlfield>
        <marc:datafield tag="041" ind1=" " ind2=" " created="yes">
            <marc:subfield code="a">mul</marc:subfield>
            <marc:subfield code="j">spa</marc:subfield>
        </marc:datafield>
        <marc:datafield tag="015" ind1=" " ind2=" ">
            <marc:subfield code="a">VD14</marc:subfield>
        </marc:datafield>
        <marc:datafield tag="017" ind1=" " ind2=" ">
            <marc:subfield code="a">VA 587-2014</marc:subfield>
            <marc:subfield code="b">Oficina Depósito Legal Valladolid</marc:subfield>
        </marc:datafield>
        <marc:datafield tag="245" ind1="0" ind2="0">
            <marc:subfield code="a">Pascual Duarte</marc:subfield>
            <marc:subfield code="c">dirección, Ricardo Franco ; producción, Elías Querejeta ; guión
                de Emilio Martínez-Lázaro, Elías Querejeta, Ricardo Franco ; fotografía, Luis
                Cuadrado ; música, Luis de Pablo</marc:subfield>
        </marc:datafield>
        <marc:datafield tag="260" ind1=" " ind2=" ">
            <marc:subfield code="a">Valladolid</marc:subfield>
            <marc:subfield code="b">Divisa Home Vídeo</marc:subfield>
            <marc:subfield code="c">D.L. 2014</marc:subfield>
        </marc:datafield>
        <marc:datafield tag="300" ind1=" " ind2=" ">
            <marc:subfield code="a">1 DVD-Vídeo (ca. 99 min.)</marc:subfield>
            <marc:subfield code="b">son., col.</marc:subfield>
        </marc:datafield>
        <marc:datafield tag="336" ind1=" " ind2=" ">
            <marc:subfield code="a">mvoing image</marc:subfield>
            <marc:subfield code="2">isbdcontent</marc:subfield>
        </marc:datafield>
        <marc:datafield tag="336" ind1=" " ind2=" " a="t">
            <marc:subfield code="a">moving image</marc:subfield>
            <marc:subfield code="0">http://rdaregistry.info/termList/RDAContentType/1023</marc:subfield>
        </marc:datafield>
        <marc:datafield tag="337" ind1=" " ind2=" ">
            <marc:subfield code="a">vídeo</marc:subfield>
            <marc:subfield code="2">isbdmedia</marc:subfield>
        </marc:datafield>
        <marc:datafield tag="337" ind1=" " ind2=" " a="t">
            <marc:subfield code="a">video</marc:subfield>
            <marc:subfield code="0">http://rdaregistry.info/termList/RDAMediaType/1008</marc:subfield>
        </marc:datafield>
        <marc:datafield tag="338" ind1=" " ind2=" ">
            <marc:subfield code="a">video disc</marc:subfield>
            <marc:subfield code="0">http://rdaregistry.info/termList/RDACarrierType/1060</marc:subfield>
        </marc:datafield>
        <marc:datafield tag="380" ind1=" " ind2=" ">
            <marc:subfield code="a">Moving image work</marc:subfield>
            <marc:subfield code="0">https://schema.nb.no/Bibliographic/Values/V1002</marc:subfield>
        </marc:datafield>
        <marc:datafield tag="500" ind1=" " ind2=" ">
            <marc:subfield code="a">Extras: Tráiler, Galería, Filmografías, Fichas</marc:subfield>
        </marc:datafield>
        <marc:datafield tag="500" ind1=" " ind2=" ">
            <marc:subfield code="a">Basada en la novela "La familia de Pascual Duarte" de Camilo
                José Cela</marc:subfield>
        </marc:datafield>
        <marc:datafield tag="500" ind1=" " ind2=" ">
            <marc:subfield code="a">Ganadora del Premio al Mejor Actor en el Festival de Cine de
                Cannes de 1976</marc:subfield>
        </marc:datafield>
        <marc:datafield tag="511" ind1="1" ind2=" ">
            <marc:subfield code="a">José Luis Gómez, Paca Ojea, Héctor Alterio</marc:subfield>
        </marc:datafield>
        <marc:datafield tag="518" ind1=" " ind2=" ">
            <marc:subfield code="a">Largometraje realizado en 1976</marc:subfield>
        </marc:datafield>
        <marc:datafield tag="520" ind1="3" ind2=" ">
            <marc:subfield code="a">Campesino de una Extremadura desolada, Pascual Duarte un día de
                calor tremendo mató a la perrilla compañera de cacerías. Tiempo después mató a la
                mula que coceó mortalmente a su mujer. Y pasó el tiempo y mató a a su madre. Y por
                fin, cuando el país entero era un campo sombrío atravesado por la muerte mató al
                dueño de la tierra que él habia pisado desde niño...</marc:subfield>
        </marc:datafield>
        <marc:datafield tag="521" ind1=" " ind2=" ">
            <marc:subfield code="a">No recomendada para menores de 18 años</marc:subfield>
        </marc:datafield>
        <marc:datafield tag="597" ind1=" " ind2=" ">
            <marc:subfield code="a">Sistema de grabación del color PAL</marc:subfield>
        </marc:datafield>
        <marc:datafield tag="597" ind1=" " ind2=" ">
            <marc:subfield code="a">Formato de película 1.78:1</marc:subfield>
        </marc:datafield>
        <marc:datafield tag="597" ind1=" " ind2=" ">
            <marc:subfield code="a">Formato de pantalla 16:9</marc:subfield>
        </marc:datafield>
        <marc:datafield tag="597" ind1=" " ind2=" ">
            <marc:subfield code="a">Formato de sonido Dolby Digital 2.0 Mono y 5.1 (a partir del
                Mono original)</marc:subfield>
        </marc:datafield>
        <marc:datafield tag="700" ind1="1" ind2=" ">
            <marc:subfield code="a">Franco, Ricardo</marc:subfield>
            <marc:subfield code="d">1949-1998</marc:subfield>
            <marc:subfield code="e">director</marc:subfield>
            <marc:subfield code="e">guionista</marc:subfield>
            <marc:subfield code="4">cnd</marc:subfield>
            <marc:subfield code="4">http://rdaregistry.info/Elements/e/object/P20011</marc:subfield>
            <marc:subfield code="4">aus</marc:subfield>
            <marc:subfield code="4">http://rdaregistry.info/Elements/w/object/P10203</marc:subfield>
            <marc:subfield code="4">drt</marc:subfield>
            <marc:subfield code="4">http://rdaregistry.info/Elements/w/object/P10066</marc:subfield>
            <marc:subfield code="1">http://example.org/francoricardo</marc:subfield>
        </marc:datafield>
        <marc:datafield tag="700" ind1="1" ind2=" ">
            <marc:subfield code="a">Querejeta, Elías</marc:subfield>
            <marc:subfield code="d">1934-2013</marc:subfield>
            <marc:subfield code="e">productor</marc:subfield>
            <marc:subfield code="4">pro</marc:subfield>
            <marc:subfield code="4">http://rdaregistry.info/Elements/w/object/P10064</marc:subfield>
            <marc:subfield code="1">http://example.org/querejetaelas</marc:subfield>
        </marc:datafield>
        <marc:datafield tag="700" ind1="1" ind2=" ">
            <marc:subfield code="a">Martínez Lázaro, Emilio</marc:subfield>
            <marc:subfield code="d">1945-</marc:subfield>
            <marc:subfield code="e">guionista</marc:subfield>
            <marc:subfield code="4">aus</marc:subfield>
            <marc:subfield code="4">http://rdaregistry.info/Elements/w/object/P10203</marc:subfield>
            <marc:subfield code="1">http://example.org/martnezlzaroemilio</marc:subfield>
        </marc:datafield>
        <marc:datafield tag="700" ind1="1" ind2=" ">
            <marc:subfield code="a">Cuadrado, Luis</marc:subfield>
            <marc:subfield code="d">1934-1980</marc:subfield>
            <marc:subfield code="e">director de fotografía</marc:subfield>
            <marc:subfield code="4">cng</marc:subfield>
            <marc:subfield code="4">http://rdaregistry.info/Elements/w/object/P10068</marc:subfield>
            <marc:subfield code="1">http://example.org/cuadradoluis</marc:subfield>
        </marc:datafield>
        <marc:datafield tag="700" ind1="1" ind2=" ">
            <marc:subfield code="a">Pablo, Luis de</marc:subfield>
            <marc:subfield code="d">1930-</marc:subfield>
            <marc:subfield code="e">compositor</marc:subfield>
            <marc:subfield code="4">cmp</marc:subfield>
            <marc:subfield code="4">http://rdaregistry.info/Elements/w/object/P10053</marc:subfield>
            <marc:subfield code="1">http://example.org/pabloluisde</marc:subfield>
        </marc:datafield>
        <marc:datafield tag="700" ind1="1" ind2=" ">
            <marc:subfield code="a">Cela, Camilo José</marc:subfield>
            <marc:subfield code="d">1916-2002</marc:subfield>
            <marc:subfield code="t">La familia de Pascual Duarte</marc:subfield>
            <marc:subfield code="e">idea original</marc:subfield>
            <marc:subfield code="1p">http://viaf.org/viaf/14767431</marc:subfield>
            <marc:subfield code="1">http://viaf.org/viaf/177039865</marc:subfield>
            <marc:subfield code="4">http://rdaregistry.info/Elements/w/object/P10134</marc:subfield>
        </marc:datafield>
        <marc:datafield tag="700" ind1="1" ind2=" ">
            <marc:subfield code="a">Gómez, José Luis</marc:subfield>
            <marc:subfield code="d">1940-</marc:subfield>
            <marc:subfield code="e">actor</marc:subfield>
            <marc:subfield code="4">act</marc:subfield>
            <marc:subfield code="4">http://rdaregistry.info/Elements/e/object/P20012</marc:subfield>
            <marc:subfield code="1">http://example.org/gmezjosluis</marc:subfield>
        </marc:datafield>
        <marc:datafield tag="700" ind1="1" ind2=" ">
            <marc:subfield code="a">Ojea, Paca</marc:subfield>
            <marc:subfield code="e">actor</marc:subfield>
            <marc:subfield code="4">act</marc:subfield>
            <marc:subfield code="4">http://rdaregistry.info/Elements/e/object/P20012</marc:subfield>
            <marc:subfield code="1">http://example.org/ojeapaca</marc:subfield>
        </marc:datafield>
        <marc:datafield tag="700" ind1="1" ind2=" ">
            <marc:subfield code="a">Alterio, Héctor</marc:subfield>
            <marc:subfield code="d">1929-</marc:subfield>
            <marc:subfield code="e">actor</marc:subfield>
            <marc:subfield code="4">act</marc:subfield>
            <marc:subfield code="4">http://rdaregistry.info/Elements/e/object/P20012</marc:subfield>
            <marc:subfield code="1">http://viaf.org/viaf/70031002</marc:subfield>
        </marc:datafield>
        <marc:datafield tag="711" ind1="2" ind2=" ">
            <marc:subfield code="a">Festival International du Film</marc:subfield>
            <marc:subfield code="n">29º</marc:subfield>
            <marc:subfield code="d">1976</marc:subfield>
            <marc:subfield code="c">Cannes</marc:subfield>
        </marc:datafield>
    </marc:record>