
    <marc:record source="1989-BNE-Spain-Camilo-Jose-Cela.xml">
        <marc:leader>02962ngm a2200361 c 4500</marc:leader>
        <marc:controlfield tag="001">a5967692</marc:controlfield>
        <marc:controlfield tag="003">SpMaBN</marc:controlfield>
        <marc:controlfield tag="005">20170612185437.2</marc:controlfield>
        <marc:controlfield tag="007">vd*cvaizs</marc:controlfield>
        <marc:controlfield tag="008">170523s2014    sp 052 g     o   1vlspa  </marc:controlfield>
        <marc:datafield tag="041" ind1=" " ind2=" " created="yes">
            <marc:subfield code="a">mul</marc:subfield>
            <marc:subfield code="j">spa</marc:subfield>
        </marc:datafield>
        <marc:datafield tag="245" ind1="0" ind2="0">
            <marc:subfield code="a">[Acto de presentación de la donación de un manuscrito inédito de
                "La colmena" de Camilo José Cela]</marc:subfield>
            <marc:subfield code="c">[presenta Ana Santos Aramburo, Directora de la BNE ; intervienen
                Annie Salomon, donante del manuscrito e hija del hispanista Noël Salomon, Adolfo
                Sotelo Vázquez, catedrático de Historia de la Literatura Española, Marina Castaño,
                viuda del escritor y presidenta de la Fundación Camilo José Cela, y Jorge Urrutia,
                catedrático de Literatura]</marc:subfield>
        </marc:datafield>
        <marc:datafield tag="300" ind1=" " ind2=" ">
            <marc:subfield code="a">1 DVD-Vídeo (ca. 52 min)</marc:subfield>
            <marc:subfield code="b">son., col.</marc:subfield>
        </marc:datafield>
        <marc:datafield tag="336" ind1=" " ind2=" ">
            <marc:subfield code="a">mvoing image</marc:subfield>
            <marc:subfield code="2">isbdcontent</marc:subfield>
        </marc:datafield>
        <marc:datafield tag="336" ind1=" " ind2=" " a="t">
            <marc:subfield code="a">moving image</marc:subfield>
            <marc:subfield code="0">http://rdaregistry.info/termList/RDAContentType/1023</marc:subfield>
        </marc:datafield>
        <marc:datafield tag="337" ind1=" " ind2=" ">
            <marc:subfield code="a">vídeo</marc:subfield>
            <marc:subfield code="2">isbdmedia</marc:subfield>
        </marc:datafield>
        <marc:datafield tag="337" ind1=" " ind2=" " a="t">
            <marc:subfield code="a">video</marc:subfield>
            <marc:subfield code="0">http://rdaregistry.info/termList/RDAMediaType/1008</marc:subfield>
        </marc:datafield>
        <marc:datafield tag="338" ind1=" " ind2=" ">
            <marc:subfield code="a">video disc</marc:subfield>
            <marc:subfield code="0">http://rdaregistry.info/termList/RDACarrierType/1060</marc:subfield>
        </marc:datafield>
        <marc:datafield tag="380" ind1=" " ind2=" ">
            <marc:subfield code="a">Moving image work</marc:subfield>
            <marc:subfield code="0">https://schema.nb.no/Bibliographic/Values/V1002</marc:subfield>
        </marc:datafield>
        <marc:datafield tag="490" ind1="0" ind2=" ">
            <marc:subfield code="a">Actos culturales en la Biblioteca Nacional de España.
                Presentación de libros, revistas</marc:subfield>
        </marc:datafield>
        <marc:datafield tag="518" ind1=" " ind2=" ">
            <marc:subfield code="a">6 de febrero de 2014, Sala del Patronato de la Biblioteca
                Nacional de España</marc:subfield>
        </marc:datafield>
        <marc:datafield tag="520" ind1="2" ind2=" ">
            <marc:subfield code="a">Acto de presentación de un manuscrito inédito de "La colmena",
                de Camilo José Cela, donado a la BNE por Annie Salomon, hija del hispanista Noël
                Salomon. Es un texto único, de importancia decisiva para el estudio de la obra de
                Camilo José Cela, pues contiene pasajes que nunca vieron la luz y nunca se
                presentaron a la censura. Adolfo Sotelo es uno de los mayores especialistas en "La
                colmena", y en su opinión, el grueso de este manuscrito es parte de la copia que
                Cela presentó a la censura el 7 de enero de 1946, que es la que iba a ir a Barcelona
                para la publicación y nunca fue, y quedó varado en una carpeta que acabó en manos
                del profesor Salomon. Este manuscrito tiene un alto valor para comprobar dos
                cuestiones: la primera, la naturaleza de los pasajes censurados, que confirma que la
                censura estaba muy preocupada por los aspectos eróticos de la novela. Y la segunda,
                para comprobar, junto con las versiones de la Fundación Camilo José Cela, el
                esmerado trabajo de creación y elaboración de los textos por parte del escritor. "La
                colmena" no es un solo manuscrito, sino un haz de manuscritos, y este es una pieza
                sustancial y esencial en la obra de Cela</marc:subfield>
        </marc:datafield>
        <marc:datafield tag="540" ind1=" " ind2=" ">
            <marc:subfield code="a">Publicación inédita</marc:subfield>
        </marc:datafield>
        <marc:datafield tag="600" ind1="1" ind2="7">
            <marc:subfield code="a">Cela, Camilo José</marc:subfield>
            <marc:subfield code="d">1916-2002</marc:subfield>
            <marc:subfield code="t">La colmena</marc:subfield>
            <marc:subfield code="v">Manuscritos</marc:subfield>
            <marc:subfield code="1p">http://viaf.org/viaf/14767431</marc:subfield>
            <marc:subfield code="1">http://viaf.org/viaf/178631752</marc:subfield>
        </marc:datafield>
        <marc:datafield tag="700" ind1="1" ind2=" ">
            <marc:subfield code="a">Sotelo Vázquez, Adolfo</marc:subfield>
            <marc:subfield code="d">1953-</marc:subfield>
            <marc:subfield code="e">orador</marc:subfield>
            <marc:subfield code="4">nrt</marc:subfield>
            <marc:subfield code="4">http://rdaregistry.info/Elements/e/object/P20022</marc:subfield>
            <marc:subfield code="1">http://example.org/sotelovzquezadolfo</marc:subfield>
        </marc:datafield>
        <marc:datafield tag="700" ind1="1" ind2=" ">
            <marc:subfield code="a">Santos Aramburo, Ana</marc:subfield>
            <marc:subfield code="d">1957-</marc:subfield>
            <marc:subfield code="e">presentador</marc:subfield>
            <marc:subfield code="4">hst</marc:subfield>
            <marc:subfield code="4">http://rdaregistry.info/Elements/e/object/P20016</marc:subfield>
            <marc:subfield code="1">http://example.org/santosaramburoana</marc:subfield>
        </marc:datafield>
        <marc:datafield tag="700" ind1="1" ind2=" ">
            <marc:subfield code="a">Salomon, Annie</marc:subfield>
            <marc:subfield code="e">orador</marc:subfield>
            <marc:subfield code="4">nrt</marc:subfield>
            <marc:subfield code="4">http://rdaregistry.info/Elements/e/object/P20022</marc:subfield>
            <marc:subfield code="1">http://example.org/salomonannie</marc:subfield>
        </marc:datafield>
        <marc:datafield tag="700" ind1="1" ind2=" ">
            <marc:subfield code="a">Castaño, Marina</marc:subfield>
            <marc:subfield code="e">orador</marc:subfield>
            <marc:subfield code="4">nrt</marc:subfield>
            <marc:subfield code="4">http://rdaregistry.info/Elements/e/object/P20022</marc:subfield>
            <marc:subfield code="1">http://example.org/castaomarina</marc:subfield>
        </marc:datafield>
        <marc:datafield tag="700" ind1="1" ind2=" ">
            <marc:subfield code="a">Urrutia, Jorge</marc:subfield>
            <marc:subfield code="d">1945-</marc:subfield>
            <marc:subfield code="e">orador</marc:subfield>
            <marc:subfield code="4">spk</marc:subfield>
            <marc:subfield code="4">http://rdaregistry.info/Elements/e/object/P20024</marc:subfield>
            <marc:subfield code="1">http://example.org/urrutiajorge</marc:subfield>
        </marc:datafield>
        <marc:datafield tag="710" ind1="2" ind2=" ">
            <marc:subfield code="a">Biblioteca Nacional de España</marc:subfield>
        </marc:datafield>
        <marc:datafield tag="856" ind1="4" ind2="2">
            <marc:subfield code="u">http://www.bne.es/es/AreaPrensa/noticias2014/0206_LaColmenaManuscrito.html</marc:subfield>
            <marc:subfield code="y">Recurso relacionado</marc:subfield>
        </marc:datafield>
    </marc:record>