
    <marc:record source="1989-BNE-Spain-Camilo-Jose-Cela.xml">
        <marc:leader>02621ngm a2200553 i 4500</marc:leader>
        <marc:controlfield tag="001">bivi0000006575</marc:controlfield>
        <marc:controlfield tag="003">SpMaBN</marc:controlfield>
        <marc:controlfield tag="005">20170609004741.6</marc:controlfield>
        <marc:controlfield tag="007">vfoczahuu</marc:controlfield>
        <marc:controlfield tag="008">901001s1984    sp 100 g       0 11 spa  </marc:controlfield>
        <marc:datafield tag="041" ind1=" " ind2=" " created="yes">
            <marc:subfield code="a">spa</marc:subfield>
        </marc:datafield>
        <marc:datafield tag="015" ind1=" " ind2=" ">
            <marc:subfield code="a">VD84</marc:subfield>
        </marc:datafield>
        <marc:datafield tag="016" ind1="7" ind2=" ">
            <marc:subfield code="a">biviBNE19950069106</marc:subfield>
            <marc:subfield code="z">BN502487</marc:subfield>
            <marc:subfield code="2">SpMaBN</marc:subfield>
        </marc:datafield>
        <marc:datafield tag="017" ind1=" " ind2=" ">
            <marc:subfield code="a">M 16408-1984</marc:subfield>
            <marc:subfield code="b">Oficina Depósito Legal Madrid</marc:subfield>
        </marc:datafield>
        <marc:datafield tag="028" ind1="4" ind2="0">
            <marc:subfield code="a">Q-707</marc:subfield>
            <marc:subfield code="b">Walsh Video</marc:subfield>
        </marc:datafield>
        <marc:datafield tag="245" ind1="0" ind2="0">
            <marc:subfield code="a">Pascual Duarte</marc:subfield>
            <marc:subfield code="h">[Videograbación]</marc:subfield>
            <marc:subfield code="c">dirección, Ricardo Franco ; guión de Emilio Martínez Lázaro,
                Elías Querejeta, Ricardo Franco ; fotografía, Luis Cuadrado ; música, Luis de Pablo
                ; productor, Elías Querejeta</marc:subfield>
        </marc:datafield>
        <marc:datafield tag="260" ind1=" " ind2=" ">
            <marc:subfield code="a">Madrid</marc:subfield>
            <marc:subfield code="b">Walsh Video</marc:subfield>
            <marc:subfield code="b">distribuidor Cydis Vídeo</marc:subfield>
            <marc:subfield code="c">D.L. 1984</marc:subfield>
        </marc:datafield>
        <marc:datafield tag="300" ind1=" " ind2=" ">
            <marc:subfield code="a">1 videocasete (2000) (100 min)</marc:subfield>
            <marc:subfield code="b">son., col.</marc:subfield>
        </marc:datafield>
        <marc:datafield tag="336" ind1=" " ind2=" " tempvalue="true">
            <marc:subfield code="a">text</marc:subfield>
        </marc:datafield>
        <marc:datafield tag="336" ind1=" " ind2=" " a="t">
            <marc:subfield code="a">text</marc:subfield>
            <marc:subfield code="0">http://rdaregistry.info/termList/RDAContentType/1020</marc:subfield>
        </marc:datafield>
        <marc:datafield tag="337" ind1=" " ind2=" " a="t2">
            <marc:subfield code="a">unmediated</marc:subfield>
            <marc:subfield code="0">http://rdaregistry.info/termList/RDAMediaType/1007</marc:subfield>
        </marc:datafield>
        <marc:datafield tag="338" ind1=" " ind2=" " a="t2">
            <marc:subfield code="a">volume</marc:subfield>
            <marc:subfield code="0">http://rdaregistry.info/termList/RDACarrierType/1049</marc:subfield>
        </marc:datafield>
        <marc:datafield tag="380" ind1=" " ind2=" " a="t2">
            <marc:subfield code="a">Language-based work</marc:subfield>
            <marc:subfield code="0">https://schema.nb.no/Bibliographic/Values/V1000</marc:subfield>
        </marc:datafield>
        <marc:datafield tag="500" ind1=" " ind2=" ">
            <marc:subfield code="a">Guión basado en la novela "La familia de Pascual Duarte" de
                Camilo J. Cela</marc:subfield>
        </marc:datafield>
        <marc:datafield tag="500" ind1=" " ind2=" ">
            <marc:subfield code="a">Premios: 1976: Premio al Mejor Actor (José Luis Gómez) en el
                Festival de Cine de Cannes</marc:subfield>
        </marc:datafield>
        <marc:datafield tag="508" ind1=" " ind2=" ">
            <marc:subfield code="a">Ayte. dirección, Francisco J. Querejeta ; vestuario, Maiki Marín
                ; montaje, Pablo G. del Amo ; jefe de producción, Primitivo Álvaro ; ayte. de
                producción, Pedro E. Samu ; decoración, Antonio Belizón</marc:subfield>
        </marc:datafield>
        <marc:datafield tag="511" ind1="1" ind2=" ">
            <marc:subfield code="a">José Luis Gómez, Paca Ojea, Héctor Alterio, Diana Pérez de
                Guzmán, Eduardo Calvo, Joaquín Hinojosa</marc:subfield>
        </marc:datafield>
        <marc:datafield tag="518" ind1=" " ind2=" ">
            <marc:subfield code="a">Realizada en 1976 en España</marc:subfield>
        </marc:datafield>
        <marc:datafield tag="520" ind1="3" ind2=" ">
            <marc:subfield code="a">Pascual Duarte es un campesino español, cazador furtivo,
                reclutado a la fuerza en la guerra de África, pobre, huraño, rodeado de fatalismo y
                mala suerte</marc:subfield>
        </marc:datafield>
        <marc:datafield tag="700" ind1="1" ind2=" ">
            <marc:subfield code="a">Franco, Ricardo</marc:subfield>
            <marc:subfield code="d">1949-1998</marc:subfield>
            <marc:subfield code="1">http://example.org/francoricardo</marc:subfield>
            <marc:subfield code="4">drt</marc:subfield>
            <marc:subfield code="4">http://rdaregistry.info/Elements/w/object/P10066</marc:subfield>
        </marc:datafield>
        <marc:datafield tag="700" ind1="1" ind2=" ">
            <marc:subfield code="a">Martínez Lázaro, Emilio</marc:subfield>
            <marc:subfield code="d">1945-</marc:subfield>
            <marc:subfield code="1">http://example.org/martnezlzaroemilio</marc:subfield>
            <marc:subfield code="4">aus</marc:subfield>
            <marc:subfield code="4">http://rdaregistry.info/Elements/w/object/P10203</marc:subfield>
        </marc:datafield>
        <marc:datafield tag="700" ind1="1" ind2=" ">
            <marc:subfield code="a">Querejeta, Elías</marc:subfield>
            <marc:subfield code="d">1934-2013</marc:subfield>
            <marc:subfield code="1">http://example.org/querejetaelas</marc:subfield>
            <marc:subfield code="4">pro</marc:subfield>
            <marc:subfield code="4">http://rdaregistry.info/Elements/w/object/P10064</marc:subfield>
        </marc:datafield>
        <marc:datafield tag="700" ind1="1" ind2=" ">
            <marc:subfield code="a">Cuadrado, Luis</marc:subfield>
            <marc:subfield code="d">1934-1980</marc:subfield>
            <marc:subfield code="1">http://example.org/cuadradoluis</marc:subfield>
            <marc:subfield code="4">drt</marc:subfield>
            <marc:subfield code="4">http://rdaregistry.info/Elements/w/object/P10066</marc:subfield>
        </marc:datafield>
        <marc:datafield tag="700" ind1="1" ind2=" ">
            <marc:subfield code="a">Pablo, Luis de</marc:subfield>
            <marc:subfield code="d">1930-</marc:subfield>
            <marc:subfield code="1">http://example.org/pabloluisde</marc:subfield>
            <marc:subfield code="4">cmp</marc:subfield>
            <marc:subfield code="4">http://rdaregistry.info/Elements/w/object/P10053</marc:subfield>
        </marc:datafield>
        <marc:datafield tag="700" ind1="1" ind2=" ">
            <marc:subfield code="a">Querejeta, Francisco J.</marc:subfield>
            <marc:subfield code="1">http://example.org/querejetafranciscoj</marc:subfield>
            <marc:subfield code="4">act</marc:subfield>
            <marc:subfield code="4" a="t">http://rdaregistry.info/Elements/e/object/P20012</marc:subfield>
        </marc:datafield>
        <marc:datafield tag="700" ind1="1" ind2=" ">
            <marc:subfield code="a">Marín, Maiki</marc:subfield>
            <marc:subfield code="1">http://example.org/marnmaiki</marc:subfield>
            <marc:subfield code="4">act</marc:subfield>
            <marc:subfield code="4" a="t">http://rdaregistry.info/Elements/e/object/P20012</marc:subfield>
        </marc:datafield>
        <marc:datafield tag="700" ind1="1" ind2=" ">
            <marc:subfield code="a">Amo, Pablo G. del</marc:subfield>
            <marc:subfield code="d">1927-2004</marc:subfield>
            <marc:subfield code="1">http://example.org/amopablogdel</marc:subfield>
            <marc:subfield code="4">act</marc:subfield>
            <marc:subfield code="4" a="t">http://rdaregistry.info/Elements/e/object/P20012</marc:subfield>
        </marc:datafield>
        <marc:datafield tag="700" ind1="1" ind2=" ">
            <marc:subfield code="a">Álvaro, Primitivo</marc:subfield>
            <marc:subfield code="d">1942-2002</marc:subfield>
            <marc:subfield code="1">http://example.org/lvaroprimitivo</marc:subfield>
            <marc:subfield code="4">act</marc:subfield>
            <marc:subfield code="4" a="t">http://rdaregistry.info/Elements/e/object/P20012</marc:subfield>
        </marc:datafield>
        <marc:datafield tag="700" ind1="1" ind2=" ">
            <marc:subfield code="a">Samu, Pedro E.</marc:subfield>
            <marc:subfield code="1">http://example.org/samupedroe</marc:subfield>
            <marc:subfield code="4">act</marc:subfield>
            <marc:subfield code="4" a="t">http://rdaregistry.info/Elements/e/object/P20012</marc:subfield>
        </marc:datafield>
        <marc:datafield tag="700" ind1="1" ind2=" ">
            <marc:subfield code="a">Belizón, Antonio</marc:subfield>
            <marc:subfield code="d">1941-</marc:subfield>
            <marc:subfield code="1">http://example.org/beliznantonio</marc:subfield>
            <marc:subfield code="4">act</marc:subfield>
            <marc:subfield code="4" a="t">http://rdaregistry.info/Elements/e/object/P20012</marc:subfield>
        </marc:datafield>
        <marc:datafield tag="700" ind1="1" ind2=" ">
            <marc:subfield code="a">Gómez, José Luis</marc:subfield>
            <marc:subfield code="d">1940-</marc:subfield>
            <marc:subfield code="1">http://example.org/gmezjosluis</marc:subfield>
            <marc:subfield code="4">act</marc:subfield>
            <marc:subfield code="4">http://rdaregistry.info/Elements/e/object/P20012</marc:subfield>
        </marc:datafield>
        <marc:datafield tag="700" ind1="1" ind2=" ">
            <marc:subfield code="a">Ojea, Paca</marc:subfield>
            <marc:subfield code="1">http://example.org/ojeapaca</marc:subfield>
            <marc:subfield code="4">act</marc:subfield>
            <marc:subfield code="4">http://rdaregistry.info/Elements/e/object/P20012</marc:subfield>
        </marc:datafield>
        <marc:datafield tag="700" ind1="1" ind2=" ">
            <marc:subfield code="a">Alterio, Héctor</marc:subfield>
            <marc:subfield code="d">1929-</marc:subfield>
            <marc:subfield code="1">http://viaf.org/viaf/70031002</marc:subfield>
            <marc:subfield code="4">act</marc:subfield>
            <marc:subfield code="4">http://rdaregistry.info/Elements/e/object/P20012</marc:subfield>
        </marc:datafield>
        <marc:datafield tag="700" ind1="1" ind2=" ">
            <marc:subfield code="a">Pérez de Guzmán, Diana</marc:subfield>
            <marc:subfield code="1">http://example.org/prezdeguzmndiana</marc:subfield>
        </marc:datafield>
        <marc:datafield tag="700" ind1="1" ind2=" ">
            <marc:subfield code="a">Calvo, Eduardo</marc:subfield>
            <marc:subfield code="d">1918-1992</marc:subfield>
            <marc:subfield code="1">http://example.org/calvoeduardo</marc:subfield>
        </marc:datafield>
        <marc:datafield tag="700" ind1="1" ind2=" ">
            <marc:subfield code="a">Hinojosa, Joaquín</marc:subfield>
            <marc:subfield code="d">1951-</marc:subfield>
            <marc:subfield code="1">http://example.org/hinojosajoaqun</marc:subfield>
        </marc:datafield>
        <marc:datafield tag="700" ind1="1" ind2="2">
            <marc:subfield code="a">Cela, Camilo José</marc:subfield>
            <marc:subfield code="d">1916-2002</marc:subfield>
            <marc:subfield code="t">La familia de Pascual Duarte</marc:subfield>
            <marc:subfield code="1p">http://viaf.org/viaf/14767431</marc:subfield>
            <marc:subfield code="1">http://viaf.org/viaf/177039865</marc:subfield>
        </marc:datafield>
        <marc:datafield tag="711" ind1="2" ind2=" ">
            <marc:subfield code="a">Festival International du Film</marc:subfield>
            <marc:subfield code="n">29º</marc:subfield>
            <marc:subfield code="d">1976</marc:subfield>
            <marc:subfield code="c">Cannes</marc:subfield>
        </marc:datafield>
    </marc:record>