
    <marc:record source="1989-BNE-Spain-Camilo-Jose-Cela.xml">
        <marc:leader>01052nam a22003011i 4500</marc:leader>
        <marc:controlfield tag="001">bimo0000655432</marc:controlfield>
        <marc:controlfield tag="003">SpMaBN</marc:controlfield>
        <marc:controlfield tag="005">20170227124738.2</marc:controlfield>
        <marc:controlfield tag="008">900725s1976    sp                  spa  </marc:controlfield>
        <marc:datafield tag="041" ind1=" " ind2=" " created="yes">
            <marc:subfield code="a">spa</marc:subfield>
        </marc:datafield>
        <marc:datafield tag="016" ind1="7" ind2=" ">
            <marc:subfield code="a">bimoBNE19971354845</marc:subfield>
            <marc:subfield code="z">IND9100151100</marc:subfield>
            <marc:subfield code="2">SpMaBN</marc:subfield>
        </marc:datafield>
        <marc:datafield tag="017" ind1=" " ind2=" ">
            <marc:subfield code="a">B 46795-1976</marc:subfield>
            <marc:subfield code="b">Oficina Depósito Legal Barcelona</marc:subfield>
        </marc:datafield>
        <marc:datafield tag="020" ind1=" " ind2=" ">
            <marc:subfield code="a">84-279-1162-9</marc:subfield>
            <marc:subfield code="c">400 pts.</marc:subfield>
        </marc:datafield>
        <marc:datafield tag="080" ind1=" " ind2="0">
            <marc:subfield code="a">860-845"19"</marc:subfield>
        </marc:datafield>
        <marc:datafield tag="100" ind1="1" ind2=" ">
            <marc:subfield code="a">Cela, Camilo José</marc:subfield>
            <marc:subfield code="d">1916-2002</marc:subfield>
            <marc:subfield code="1">http://viaf.org/viaf/14767431</marc:subfield>
            <marc:subfield code="4">http://rdaregistry.info/Elements/w/object/P10061</marc:subfield>
        </marc:datafield>
        <marc:datafield tag="240" ind1="1" ind2="0">
            <marc:subfield code="a">Rol de cornudos</marc:subfield>
            <marc:subfield code="1">http://viaf.org/viaf/310298640</marc:subfield>
        </marc:datafield>
        <marc:datafield tag="245" ind1="1" ind2="0">
            <marc:subfield code="a">Rol de cornudos</marc:subfield>
            <marc:subfield code="h">[Texto impreso]</marc:subfield>
            <marc:subfield code="c">[por] Camilo José Cela</marc:subfield>
        </marc:datafield>
        <marc:datafield tag="250" ind1=" " ind2=" ">
            <marc:subfield code="a">3ª ed.</marc:subfield>
        </marc:datafield>
        <marc:datafield tag="260" ind1=" " ind2=" ">
            <marc:subfield code="a">Barcelona</marc:subfield>
            <marc:subfield code="b">Noguer</marc:subfield>
            <marc:subfield code="c">imp. 1976</marc:subfield>
        </marc:datafield>
        <marc:datafield tag="300" ind1=" " ind2=" ">
            <marc:subfield code="a">216 p., 2 h.</marc:subfield>
            <marc:subfield code="c">20 cm</marc:subfield>
        </marc:datafield>
        <marc:datafield tag="336" ind1=" " ind2=" " tempvalue="true">
            <marc:subfield code="a">text</marc:subfield>
        </marc:datafield>
        <marc:datafield tag="336" ind1=" " ind2=" " a="t">
            <marc:subfield code="a">text</marc:subfield>
            <marc:subfield code="0">http://rdaregistry.info/termList/RDAContentType/1020</marc:subfield>
        </marc:datafield>
        <marc:datafield tag="337" ind1=" " ind2=" " a="t2">
            <marc:subfield code="a">unmediated</marc:subfield>
            <marc:subfield code="0">http://rdaregistry.info/termList/RDAMediaType/1007</marc:subfield>
        </marc:datafield>
        <marc:datafield tag="338" ind1=" " ind2=" " a="t2">
            <marc:subfield code="a">volume</marc:subfield>
            <marc:subfield code="0">http://rdaregistry.info/termList/RDACarrierType/1049</marc:subfield>
        </marc:datafield>
        <marc:datafield tag="380" ind1=" " ind2=" " a="t2">
            <marc:subfield code="a">Language-based work</marc:subfield>
            <marc:subfield code="0">https://schema.nb.no/Bibliographic/Values/V1000</marc:subfield>
        </marc:datafield>
        <marc:datafield tag="490" ind1="0" ind2=" ">
            <marc:subfield code="a">Galería literaria contemporánea</marc:subfield>
        </marc:datafield>
        <marc:datafield tag="500" ind1=" " ind2=" ">
            <marc:subfield code="a">Indice</marc:subfield>
        </marc:datafield>
    </marc:record>