
    <marc:record source="1989-BNE-Spain-Camilo-Jose-Cela.xml">
        <marc:leader>01077nam a22002655b 4500</marc:leader>
        <marc:controlfield tag="001">bimo0000394978</marc:controlfield>
        <marc:controlfield tag="003">SpMaBN</marc:controlfield>
        <marc:controlfield tag="005">20150429123107.4</marc:controlfield>
        <marc:controlfield tag="008">940222s1990    sp |         |||| ||spa  </marc:controlfield>
        <marc:datafield tag="041" ind1=" " ind2=" " created="yes">
            <marc:subfield code="a">spa</marc:subfield>
        </marc:datafield>
        <marc:datafield tag="016" ind1="7" ind2=" ">
            <marc:subfield code="a">bimoBNE19940048406</marc:subfield>
            <marc:subfield code="2">SpMaBN</marc:subfield>
        </marc:datafield>
        <marc:datafield tag="017" ind1=" " ind2=" ">
            <marc:subfield code="a">M 26789-1990</marc:subfield>
            <marc:subfield code="b">Oficina Depósito Legal Madrid</marc:subfield>
        </marc:datafield>
        <marc:datafield tag="020" ind1=" " ind2=" ">
            <marc:subfield code="a">84-226-3114-8</marc:subfield>
        </marc:datafield>
        <marc:datafield tag="080" ind1=" " ind2="0">
            <marc:subfield code="a">860-31"19"</marc:subfield>
        </marc:datafield>
        <marc:datafield tag="100" ind1="1" ind2=" ">
            <marc:subfield code="a">Cela, Camilo José</marc:subfield>
            <marc:subfield code="d">1916-2002</marc:subfield>
            <marc:subfield code="1">http://viaf.org/viaf/14767431</marc:subfield>
            <marc:subfield code="4">http://rdaregistry.info/Elements/w/object/P10061</marc:subfield>
        </marc:datafield>
        <marc:datafield tag="240" ind1="1" ind2="0">
            <marc:subfield code="a">La familia de Pascual Duarte</marc:subfield>
            <marc:subfield code="1">http://viaf.org/viaf/177039865</marc:subfield>
        </marc:datafield>
        <marc:datafield tag="245" ind1="1" ind2="3">
            <marc:subfield code="a">La familia de Pascual Duarte</marc:subfield>
            <marc:subfield code="h">[Texto impreso] :</marc:subfield>
            <marc:subfield code="b">edición facsimilar del manuscrito publicada con motivo de la
                concesión a su autor del premio Nobel de literatura</marc:subfield>
            <marc:subfield code="c">Camilo José Cela</marc:subfield>
        </marc:datafield>
        <marc:datafield tag="260" ind1=" " ind2=" ">
            <marc:subfield code="a">[Madrid]</marc:subfield>
            <marc:subfield code="b">Círculo de Lectores</marc:subfield>
            <marc:subfield code="c">D.L. 1990</marc:subfield>
        </marc:datafield>
        <marc:datafield tag="300" ind1=" " ind2=" ">
            <marc:subfield code="a">1 caja (175 h., 2 fotos)</marc:subfield>
            <marc:subfield code="c">25x17 cm</marc:subfield>
        </marc:datafield>
        <marc:datafield tag="336" ind1=" " ind2=" " tempvalue="true">
            <marc:subfield code="a">text</marc:subfield>
        </marc:datafield>
        <marc:datafield tag="336" ind1=" " ind2=" " a="t">
            <marc:subfield code="a">text</marc:subfield>
            <marc:subfield code="0">http://rdaregistry.info/termList/RDAContentType/1020</marc:subfield>
        </marc:datafield>
        <marc:datafield tag="337" ind1=" " ind2=" " a="t2">
            <marc:subfield code="a">unmediated</marc:subfield>
            <marc:subfield code="0">http://rdaregistry.info/termList/RDAMediaType/1007</marc:subfield>
        </marc:datafield>
        <marc:datafield tag="338" ind1=" " ind2=" " a="t2">
            <marc:subfield code="a">volume</marc:subfield>
            <marc:subfield code="0">http://rdaregistry.info/termList/RDACarrierType/1049</marc:subfield>
        </marc:datafield>
        <marc:datafield tag="380" ind1=" " ind2=" " a="t2">
            <marc:subfield code="a">Language-based work</marc:subfield>
            <marc:subfield code="0">https://schema.nb.no/Bibliographic/Values/V1000</marc:subfield>
        </marc:datafield>
    </marc:record>