
    <marc:record source="1989-BNE-Spain-Camilo-Jose-Cela.xml">
        <marc:leader>01552nam a2200373 b 4500</marc:leader>
        <marc:controlfield tag="001">Mimo0001837283</marc:controlfield>
        <marc:controlfield tag="003">SpMaBN</marc:controlfield>
        <marc:controlfield tag="005">20100120093536.4</marc:controlfield>
        <marc:controlfield tag="008">030310s2003    sp |          ||| ||spa  </marc:controlfield>
        <marc:datafield tag="041" ind1=" " ind2=" " created="yes">
            <marc:subfield code="a">spa</marc:subfield>
        </marc:datafield>
        <marc:datafield tag="016" ind1="7" ind2=" ">
            <marc:subfield code="a">bimoBNE20030100191</marc:subfield>
            <marc:subfield code="2">SpMaBN</marc:subfield>
        </marc:datafield>
        <marc:datafield tag="017" ind1=" " ind2=" ">
            <marc:subfield code="a">B 47259-2002</marc:subfield>
            <marc:subfield code="b">Oficina Depósito Legal Barcelona</marc:subfield>
        </marc:datafield>
        <marc:datafield tag="020" ind1=" " ind2=" ">
            <marc:subfield code="a">84-9759-256-5</marc:subfield>
        </marc:datafield>
        <marc:datafield tag="080" ind1=" " ind2="0">
            <marc:subfield code="a">821.134.2-992"19"</marc:subfield>
        </marc:datafield>
        <marc:datafield tag="080" ind1=" " ind2="0">
            <marc:subfield code="a">913(460.28 Alcarria)(0:82)</marc:subfield>
        </marc:datafield>
        <marc:datafield tag="100" ind1="1" ind2=" ">
            <marc:subfield code="a">Cela, Camilo José</marc:subfield>
            <marc:subfield code="d">1916-2002</marc:subfield>
            <marc:subfield code="1">http://viaf.org/viaf/14767431</marc:subfield>
            <marc:subfield code="4">http://rdaregistry.info/Elements/w/object/P10061</marc:subfield>
        </marc:datafield>
        <marc:datafield tag="240" ind1="1" ind2="0">
            <marc:subfield code="a">Viaje a la Alcarria</marc:subfield>
            <marc:subfield code="1">http://viaf.org/viaf/181108754</marc:subfield>
        </marc:datafield>
        <marc:datafield tag="245" ind1="1" ind2="0">
            <marc:subfield code="a">Viaje a la Alcarria</marc:subfield>
            <marc:subfield code="h">[Texto impreso]</marc:subfield>
            <marc:subfield code="c">Camilo José Cela</marc:subfield>
        </marc:datafield>
        <marc:datafield tag="250" ind1=" " ind2=" ">
            <marc:subfield code="a">1ª ed. en este formato</marc:subfield>
        </marc:datafield>
        <marc:datafield tag="260" ind1=" " ind2=" ">
            <marc:subfield code="a">[Barcelona]</marc:subfield>
            <marc:subfield code="b">Debolsillo</marc:subfield>
            <marc:subfield code="c">2003</marc:subfield>
        </marc:datafield>
        <marc:datafield tag="300" ind1=" " ind2=" ">
            <marc:subfield code="a">211 p.</marc:subfield>
            <marc:subfield code="c">19 cm</marc:subfield>
        </marc:datafield>
        <marc:datafield tag="336" ind1=" " ind2=" " tempvalue="true">
            <marc:subfield code="a">text</marc:subfield>
        </marc:datafield>
        <marc:datafield tag="336" ind1=" " ind2=" " a="t">
            <marc:subfield code="a">text</marc:subfield>
            <marc:subfield code="0">http://rdaregistry.info/termList/RDAContentType/1020</marc:subfield>
        </marc:datafield>
        <marc:datafield tag="337" ind1=" " ind2=" " a="t2">
            <marc:subfield code="a">unmediated</marc:subfield>
            <marc:subfield code="0">http://rdaregistry.info/termList/RDAMediaType/1007</marc:subfield>
        </marc:datafield>
        <marc:datafield tag="338" ind1=" " ind2=" " a="t2">
            <marc:subfield code="a">volume</marc:subfield>
            <marc:subfield code="0">http://rdaregistry.info/termList/RDACarrierType/1049</marc:subfield>
        </marc:datafield>
        <marc:datafield tag="380" ind1=" " ind2=" " a="t2">
            <marc:subfield code="a">Language-based work</marc:subfield>
            <marc:subfield code="0">https://schema.nb.no/Bibliographic/Values/V1000</marc:subfield>
        </marc:datafield>
        <marc:datafield tag="490" ind1="1" ind2=" ">
            <marc:subfield code="a">Biblioteca Camilo José Cela</marc:subfield>
            <marc:subfield code="v">11</marc:subfield>
        </marc:datafield>
        <marc:datafield tag="490" ind1="1" ind2=" ">
            <marc:subfield code="a">Contemporánea</marc:subfield>
            <marc:subfield code="v">171/11</marc:subfield>
        </marc:datafield>
        <marc:datafield tag="800" ind1="1" ind2=" ">
            <marc:subfield code="a">Cela, Camilo José</marc:subfield>
            <marc:subfield code="d">1916-2002</marc:subfield>
            <marc:subfield code="t">Biblioteca de Camilo José Cela</marc:subfield>
            <marc:subfield code="v">11</marc:subfield>
        </marc:datafield>
        <marc:datafield tag="830" ind1=" " ind2="0">
            <marc:subfield code="a">Contemporánea (Barcelona)</marc:subfield>
            <marc:subfield code="v">171/11</marc:subfield>
        </marc:datafield>
    </marc:record>