
    <marc:record source="1989-BNE-Spain-Camilo-Jose-Cela.xml">
        <marc:leader>03060ngm a22006491i 4500</marc:leader>
        <marc:controlfield tag="001">bivi0000023586</marc:controlfield>
        <marc:controlfield tag="003">SpMaBN</marc:controlfield>
        <marc:controlfield tag="005">20170609004243.6</marc:controlfield>
        <marc:controlfield tag="007">vfocaahuu</marc:controlfield>
        <marc:controlfield tag="008">901001s1984    sp 076 e         1vlspa  </marc:controlfield>
        <marc:datafield tag="041" ind1=" " ind2=" " created="yes">
            <marc:subfield code="a">spa</marc:subfield>
        </marc:datafield>
        <marc:datafield tag="015" ind1=" " ind2=" ">
            <marc:subfield code="a">VD84</marc:subfield>
        </marc:datafield>
        <marc:datafield tag="016" ind1="7" ind2=" ">
            <marc:subfield code="a">biviBNE19960023487</marc:subfield>
            <marc:subfield code="z">BN506616</marc:subfield>
            <marc:subfield code="2">SpMaBN</marc:subfield>
        </marc:datafield>
        <marc:datafield tag="017" ind1=" " ind2=" ">
            <marc:subfield code="a">M 14426-1984</marc:subfield>
            <marc:subfield code="b">Oficina Depósito Legal Madrid</marc:subfield>
        </marc:datafield>
        <marc:datafield tag="084" ind1=" " ind2=" ">
            <marc:subfield code="a">1</marc:subfield>
            <marc:subfield code="2">VD</marc:subfield>
        </marc:datafield>
        <marc:datafield tag="245" ind1="0" ind2="3">
            <marc:subfield code="a">La insólita y gloriosa hazaña del cipote de
                Archidona</marc:subfield>
            <marc:subfield code="h">[Videograbación]</marc:subfield>
            <marc:subfield code="c">director, Ramón Fernández ; música, Gregorio García Segura ;
                jefe de producción, Jesús G. Gárgoles ; director de fotografía, Fernando Arribas ;
                guión, Manuel Vidal</marc:subfield>
        </marc:datafield>
        <marc:datafield tag="260" ind1=" " ind2=" ">
            <marc:subfield code="a">Madrid</marc:subfield>
            <marc:subfield code="b">Regia Films Arturo González</marc:subfield>
            <marc:subfield code="c">D.L. 1984</marc:subfield>
        </marc:datafield>
        <marc:datafield tag="300" ind1=" " ind2=" ">
            <marc:subfield code="a">1 videocasete (Beta) (76 min)</marc:subfield>
            <marc:subfield code="b">son., col.</marc:subfield>
        </marc:datafield>
        <marc:datafield tag="336" ind1=" " ind2=" " tempvalue="true">
            <marc:subfield code="a">text</marc:subfield>
        </marc:datafield>
        <marc:datafield tag="336" ind1=" " ind2=" " a="t">
            <marc:subfield code="a">text</marc:subfield>
            <marc:subfield code="0">http://rdaregistry.info/termList/RDAContentType/1020</marc:subfield>
        </marc:datafield>
        <marc:datafield tag="337" ind1=" " ind2=" " a="t2">
            <marc:subfield code="a">unmediated</marc:subfield>
            <marc:subfield code="0">http://rdaregistry.info/termList/RDAMediaType/1007</marc:subfield>
        </marc:datafield>
        <marc:datafield tag="338" ind1=" " ind2=" " a="t2">
            <marc:subfield code="a">volume</marc:subfield>
            <marc:subfield code="0">http://rdaregistry.info/termList/RDACarrierType/1049</marc:subfield>
        </marc:datafield>
        <marc:datafield tag="380" ind1=" " ind2=" " a="t2">
            <marc:subfield code="a">Language-based work</marc:subfield>
            <marc:subfield code="0">https://schema.nb.no/Bibliographic/Values/V1000</marc:subfield>
        </marc:datafield>
        <marc:datafield tag="500" ind1=" " ind2=" ">
            <marc:subfield code="a">Basada en la novela de Camilo José Cela</marc:subfield>
        </marc:datafield>
        <marc:datafield tag="508" ind1=" " ind2=" ">
            <marc:subfield code="a">Montaje, José Antonio Rojo ; decorados, Ramiro
                Gómez</marc:subfield>
        </marc:datafield>
        <marc:datafield tag="511" ind1="1" ind2=" ">
            <marc:subfield code="a">Josele Román, Francisco Algora, Antonio Gamero, Isabel Luque,
                José Ruiz Lifante, Jenny Llada, Amparo Soto, Antonio Medina, Rafaela Aparicio,
                Manuel Alexandre, Laly Soldevila, Manuel Guitián, Sara Mora, Luis Barbero, Luis
                Cigés, Segio Mendizábal, Emilio el Moro, Fernando Chinarro</marc:subfield>
        </marc:datafield>
        <marc:datafield tag="518" ind1=" " ind2=" ">
            <marc:subfield code="a">Realizada en 1979 en España</marc:subfield>
        </marc:datafield>
        <marc:datafield tag="520" ind1="3" ind2=" ">
            <marc:subfield code="a">Durante un espectáculo musical, una pareja se embelesa hasta el
                punto que ella, enardecida, toma en sus manos el miembro viril de su novio con tanta
                gracia y donaire que las consecuencias les hicieron famosos, sobre todo al miembro
                viril</marc:subfield>
        </marc:datafield>
        <marc:datafield tag="521" ind1=" " ind2=" ">
            <marc:subfield code="a">Exclusivamente para mayores de 18 años</marc:subfield>
        </marc:datafield>
        <marc:datafield tag="700" ind1="1" ind2=" ">
            <marc:subfield code="a">Fernández, Ramón</marc:subfield>
            <marc:subfield code="d">1930-2006</marc:subfield>
            <marc:subfield code="1">http://example.org/fernndezramn</marc:subfield>
        </marc:datafield>
        <marc:datafield tag="700" ind1="1" ind2=" ">
            <marc:subfield code="a">Vidal, Manuel</marc:subfield>
            <marc:subfield code="d">1945-2003</marc:subfield>
            <marc:subfield code="1">http://example.org/vidalmanuel</marc:subfield>
        </marc:datafield>
        <marc:datafield tag="700" ind1="1" ind2=" ">
            <marc:subfield code="a">García Segura, Gregorio</marc:subfield>
            <marc:subfield code="d">1929-2003</marc:subfield>
            <marc:subfield code="1">http://example.org/garcaseguragregorio</marc:subfield>
        </marc:datafield>
        <marc:datafield tag="700" ind1="1" ind2=" ">
            <marc:subfield code="a">García Gárgoles, Jesús</marc:subfield>
            <marc:subfield code="1">http://example.org/garcagrgolesjess</marc:subfield>
        </marc:datafield>
        <marc:datafield tag="700" ind1="1" ind2=" ">
            <marc:subfield code="a">Rojo, José Antonio</marc:subfield>
            <marc:subfield code="d">1923-1995</marc:subfield>
            <marc:subfield code="1">http://example.org/rojojosantonio</marc:subfield>
        </marc:datafield>
        <marc:datafield tag="700" ind1="1" ind2=" ">
            <marc:subfield code="a">Arribas, Fernando</marc:subfield>
            <marc:subfield code="d">1940-</marc:subfield>
            <marc:subfield code="1">http://example.org/arribasfernando</marc:subfield>
        </marc:datafield>
        <marc:datafield tag="700" ind1="1" ind2=" ">
            <marc:subfield code="a">Gómez, Ramiro</marc:subfield>
            <marc:subfield code="d">1916-2003</marc:subfield>
            <marc:subfield code="1">http://example.org/gmezramiro</marc:subfield>
        </marc:datafield>
        <marc:datafield tag="700" ind1="1" ind2=" ">
            <marc:subfield code="a">Román, Josele</marc:subfield>
            <marc:subfield code="d">1946-</marc:subfield>
            <marc:subfield code="1">http://example.org/romnjosele</marc:subfield>
        </marc:datafield>
        <marc:datafield tag="700" ind1="1" ind2=" ">
            <marc:subfield code="a">Algora, Francisco</marc:subfield>
            <marc:subfield code="d">1948-2016</marc:subfield>
            <marc:subfield code="1">http://viaf.org/viaf/56299308</marc:subfield>
            <marc:subfield code="4">act</marc:subfield>
            <marc:subfield code="4">http://rdaregistry.info/Elements/e/object/P20012</marc:subfield>
        </marc:datafield>
        <marc:datafield tag="700" ind1="1" ind2=" ">
            <marc:subfield code="a">Gamero, Antonio</marc:subfield>
            <marc:subfield code="d">1934-2010</marc:subfield>
            <marc:subfield code="1">http://example.org/gameroantonio</marc:subfield>
        </marc:datafield>
        <marc:datafield tag="700" ind1="1" ind2=" ">
            <marc:subfield code="a">Luque, Isabel</marc:subfield>
            <marc:subfield code="1">http://example.org/luqueisabel</marc:subfield>
        </marc:datafield>
        <marc:datafield tag="700" ind1="1" ind2=" ">
            <marc:subfield code="a">Medina, Antonio</marc:subfield>
            <marc:subfield code="d">1936-</marc:subfield>
            <marc:subfield code="1">http://example.org/medinaantonio</marc:subfield>
        </marc:datafield>
        <marc:datafield tag="700" ind1="1" ind2=" ">
            <marc:subfield code="a">Lifante, José</marc:subfield>
            <marc:subfield code="d">1943-</marc:subfield>
            <marc:subfield code="1">http://example.org/lifantejos</marc:subfield>
        </marc:datafield>
        <marc:datafield tag="700" ind1="1" ind2=" ">
            <marc:subfield code="a">Llada, Jenny</marc:subfield>
            <marc:subfield code="1">http://example.org/lladajenny</marc:subfield>
        </marc:datafield>
        <marc:datafield tag="700" ind1="1" ind2=" ">
            <marc:subfield code="a">Soto, Amparo</marc:subfield>
            <marc:subfield code="1">http://example.org/sotoamparo</marc:subfield>
        </marc:datafield>
        <marc:datafield tag="700" ind1="1" ind2=" ">
            <marc:subfield code="a">Alexandre, Manuel</marc:subfield>
            <marc:subfield code="d">1917-2010</marc:subfield>
            <marc:subfield code="1">http://example.org/alexandremanuel</marc:subfield>
        </marc:datafield>
        <marc:datafield tag="700" ind1="1" ind2=" ">
            <marc:subfield code="a">Aparicio, Rafaela</marc:subfield>
            <marc:subfield code="d">1906-1996</marc:subfield>
            <marc:subfield code="1">http://example.org/apariciorafaela</marc:subfield>
        </marc:datafield>
        <marc:datafield tag="700" ind1="1" ind2=" ">
            <marc:subfield code="a">Soldevila, Laly</marc:subfield>
            <marc:subfield code="d">1933-1979</marc:subfield>
            <marc:subfield code="1">http://example.org/soldevilalaly</marc:subfield>
        </marc:datafield>
        <marc:datafield tag="700" ind1="1" ind2=" ">
            <marc:subfield code="a">Guitián, Manuel</marc:subfield>
            <marc:subfield code="d">1900-1992</marc:subfield>
            <marc:subfield code="1">http://example.org/guitinmanuel</marc:subfield>
        </marc:datafield>
        <marc:datafield tag="700" ind1="1" ind2=" ">
            <marc:subfield code="a">Mora, Sara</marc:subfield>
            <marc:subfield code="1">http://example.org/morasara</marc:subfield>
        </marc:datafield>
        <marc:datafield tag="700" ind1="1" ind2=" ">
            <marc:subfield code="a">Cigés, Luis</marc:subfield>
            <marc:subfield code="d">1921-2002</marc:subfield>
            <marc:subfield code="1">http://example.org/cigsluis</marc:subfield>
            <marc:subfield code="4">act</marc:subfield>
            <marc:subfield code="4">http://rdaregistry.info/Elements/e/object/P20012</marc:subfield>
        </marc:datafield>
        <marc:datafield tag="700" ind1="1" ind2=" ">
            <marc:subfield code="a">Barbero, Luis</marc:subfield>
            <marc:subfield code="d">1916-2005</marc:subfield>
            <marc:subfield code="1">http://example.org/barberoluis</marc:subfield>
        </marc:datafield>
        <marc:datafield tag="700" ind1="1" ind2=" ">
            <marc:subfield code="a">Chinarro, Fernando</marc:subfield>
            <marc:subfield code="d">1939-</marc:subfield>
            <marc:subfield code="1">http://example.org/chinarrofernando</marc:subfield>
        </marc:datafield>
        <marc:datafield tag="700" ind1="1" ind2=" ">
            <marc:subfield code="a">Mendizábal, Sergio</marc:subfield>
            <marc:subfield code="d">1920-</marc:subfield>
            <marc:subfield code="1">http://example.org/mendizbalsergio</marc:subfield>
        </marc:datafield>
        <marc:datafield tag="700" ind1="0" ind2=" ">
            <marc:subfield code="a">Emilio</marc:subfield>
            <marc:subfield code="c">el Moro</marc:subfield>
            <marc:subfield code="d">1923-1987</marc:subfield>
            <marc:subfield code="1">http://example.org/emilio</marc:subfield>
        </marc:datafield>
        <marc:datafield tag="700" ind1="1" ind2=" ">
            <marc:subfield code="a">Cela, Camilo José</marc:subfield>
            <marc:subfield code="d">1916-2002</marc:subfield>
            <marc:subfield code="t">La insólita y gloriosa hazaña del cipote de
                Archidona</marc:subfield>
            <marc:subfield code="1p">http://viaf.org/viaf/14767431</marc:subfield>
            <marc:subfield code="1">http://workid.oslomet.no/cjc/71</marc:subfield>
            <marc:subfield code="4">http://rdaregistry.info/Elements/w/object/P10134</marc:subfield>
        </marc:datafield>
        <marc:datafield tag="787" ind1="0" ind2=" ">
            <marc:subfield code="t">La insólita y gloriosa hazaña del cipote de
                Archidona</marc:subfield>
            <marc:subfield code="h">Texto impreso</marc:subfield>
            <marc:subfield code="w">bimo0000129944</marc:subfield>
        </marc:datafield>
        <marc:datafield tag="787" ind1="0" ind2=" ">
            <marc:subfield code="t">La insólita y gloriosa hazaña del cipote de
                Archidona</marc:subfield>
            <marc:subfield code="h">Texto impreso</marc:subfield>
            <marc:subfield code="w">bimo0000105384</marc:subfield>
        </marc:datafield>
    </marc:record>