
    <marc:record type="Bibliographic" source="1989-DNB-Spain-Camilo-Cela.xml">
        <marc:leader>00000nam a2200000 c 4500</marc:leader>
        <marc:controlfield tag="001">992951216</marc:controlfield>
        <marc:controlfield tag="003">DE-101</marc:controlfield>
        <marc:controlfield tag="005">20171202093914.0</marc:controlfield>
        <marc:controlfield tag="007">tu</marc:controlfield>
        <marc:controlfield tag="008">090303s1975    sp ||||| |||| 00||||ger  </marc:controlfield>
        <marc:datafield ind1=" " ind2=" " tag="015">
            <marc:subfield code="a">08,L02</marc:subfield>
            <marc:subfield code="2">dnb</marc:subfield>
        </marc:datafield>
        <marc:datafield ind1="7" ind2=" " tag="016">
            <marc:subfield code="2">DE-101</marc:subfield>
            <marc:subfield code="a">992951216</marc:subfield>
        </marc:datafield>
        <marc:datafield ind1=" " ind2=" " tag="041">
            <marc:subfield code="a">ger</marc:subfield>
        </marc:datafield>
        <marc:datafield ind1=" " ind2=" " tag="044">
            <marc:subfield code="c">XA-ES</marc:subfield>
        </marc:datafield>
        <marc:datafield ind1="1" ind2=" " tag="100">
            <marc:subfield code="a">Cela, Camilo José</marc:subfield>
            <marc:subfield code="d">1916-2002</marc:subfield>
            <marc:subfield code="e">Verfasser</marc:subfield>
            <marc:subfield code="4">aut</marc:subfield>
            <marc:subfield code="4">http://rdaregistry.info/Elements/w/object/P10061</marc:subfield>
            <marc:subfield code="1">http://viaf.org/viaf/14767431</marc:subfield>
        </marc:datafield>
        <marc:datafield tag="240" ind1="1" ind2="0">
            <marc:subfield code="a">Gavilla de fábulas sin amor</marc:subfield>
            <marc:subfield code="1">http://viaf.org/viaf/309337537</marc:subfield>
            <marc:subfield code="l">ger</marc:subfield>
            <marc:subfield code="8" created="true">1</marc:subfield>
        </marc:datafield>
        <marc:datafield ind1="0" ind2="0" tag="245">
            <marc:subfield code="a">Gavilla de fábulas sin amor</marc:subfield>
            <marc:subfield code="c">Camilo José Cela. 32 dibujos de Picasso</marc:subfield>
        </marc:datafield>
        <marc:datafield ind1=" " ind2=" " tag="250">
            <marc:subfield code="a">3. ed.</marc:subfield>
        </marc:datafield>
        <marc:datafield ind1=" " ind2=" " tag="259">
            <marc:subfield code="a">13</marc:subfield>
        </marc:datafield>
        <marc:datafield ind1=" " ind2="1" tag="264">
            <marc:subfield code="a">Barcelona</marc:subfield>
            <marc:subfield code="b">Noguer</marc:subfield>
            <marc:subfield code="c">1975</marc:subfield>
        </marc:datafield>
        <marc:datafield ind1=" " ind2=" " tag="300">
            <marc:subfield code="a">189 S.</marc:subfield>
            <marc:subfield code="b">zahlr. Ill. (farb.), [3] Bl.</marc:subfield>
            <marc:subfield code="c">28 cm</marc:subfield>
        </marc:datafield>
        <marc:datafield ind1=" " ind2=" " tag="336">
            <marc:subfield code="a">Text</marc:subfield>
            <marc:subfield code="b">txt</marc:subfield>
            <marc:subfield code="2">rdacontent</marc:subfield>
        </marc:datafield>
        <marc:datafield tag="336" ind1=" " ind2=" " a="t">
            <marc:subfield code="a">text</marc:subfield>
            <marc:subfield code="0">http://rdaregistry.info/termList/RDAContentType/1020</marc:subfield>
        </marc:datafield>
        <marc:datafield ind1=" " ind2=" " tag="336">
            <marc:subfield code="a">unbewegtes Bild</marc:subfield>
            <marc:subfield code="b">sti</marc:subfield>
            <marc:subfield code="2">rdacontent</marc:subfield>
        </marc:datafield>
        <marc:datafield tag="336" ind1=" " ind2=" " a="t">
            <marc:subfield code="a">still image</marc:subfield>
            <marc:subfield code="0">http://rdaregistry.info/termList/RDAContentType/1014</marc:subfield>
        </marc:datafield>
        <marc:datafield ind1=" " ind2=" " tag="337">
            <marc:subfield code="a">ohne Hilfsmittel zu benutzen</marc:subfield>
            <marc:subfield code="b">n</marc:subfield>
            <marc:subfield code="2">rdamedia</marc:subfield>
        </marc:datafield>
        <marc:datafield tag="337" ind1=" " ind2=" " a="t">
            <marc:subfield code="a">unmediated</marc:subfield>
            <marc:subfield code="0">http://rdaregistry.info/termList/RDAMediaType/1007</marc:subfield>
        </marc:datafield>
        <marc:datafield ind1=" " ind2=" " tag="338">
            <marc:subfield code="a">Band</marc:subfield>
            <marc:subfield code="b">nc</marc:subfield>
            <marc:subfield code="2">rdacarrier</marc:subfield>
        </marc:datafield>
        <marc:datafield tag="338" ind1=" " ind2=" " a="t">
            <marc:subfield code="a">volume</marc:subfield>
            <marc:subfield code="0">http://rdaregistry.info/termList/RDACarrierType/1049</marc:subfield>
        </marc:datafield>
        <marc:datafield tag="380" ind1=" " ind2=" " a="t2">
            <marc:subfield code="a">Language-based work</marc:subfield>
            <marc:subfield code="0">https://schema.nb.no/Bibliographic/Values/V1000</marc:subfield>
        </marc:datafield>
        <marc:datafield ind1="0" ind2=" " tag="490">
            <marc:subfield code="a">Colección La voz y la forma</marc:subfield>
        </marc:datafield>
        <marc:datafield ind1=" " ind2=" " tag="500">
            <marc:subfield code="a">Übers. d. HST: Erzählungen ohne Liebe</marc:subfield>
        </marc:datafield>
        <marc:datafield ind1="1" ind2=" " tag="700">
            <marc:subfield code="a">Picasso, Pablo</marc:subfield>
            <marc:subfield code="d">1881-1973</marc:subfield>
            <marc:subfield code="e">Illustrator</marc:subfield>
            <marc:subfield code="4">ill</marc:subfield>
            <marc:subfield code="4">http://rdaregistry.info/Elements/m/object/P30321</marc:subfield>
            <marc:subfield code="1">http://example.org/picassopablo</marc:subfield>
        </marc:datafield>
        <marc:datafield ind1="2" ind2=" " tag="710">
            <marc:subfield code="a">Cayfosa, Barcelona</marc:subfield>
            <marc:subfield code="e">Herausgebendes Organ</marc:subfield>
            <marc:subfield code="4">isb</marc:subfield>
        </marc:datafield>
        <marc:datafield tag="740" created="true">
            <marc:subfield code="8">1</marc:subfield>
            <marc:subfield code="a">Geschichten ohne Liebe</marc:subfield>
        </marc:datafield>
    </marc:record>