
    <marc:record type="Bibliographic" source="1989-DNB-Spain-Camilo-Cela.xml">
        <marc:leader>00000nam a2200000uc 4500</marc:leader>
        <marc:controlfield tag="001">116415768X</marc:controlfield>
        <marc:controlfield tag="003">DE-101</marc:controlfield>
        <marc:controlfield tag="005">20180809223041.0</marc:controlfield>
        <marc:controlfield tag="007">cr||||||||||||</marc:controlfield>
        <marc:controlfield tag="008">180809s2018    gw |||||o|||| 00||||ger  </marc:controlfield>
        <marc:datafield ind1=" " ind2=" " tag="015">
            <marc:subfield code="a">18,O09</marc:subfield>
            <marc:subfield code="2">dnb</marc:subfield>
        </marc:datafield>
        <marc:datafield ind1="7" ind2=" " tag="016">
            <marc:subfield code="2">DE-101</marc:subfield>
            <marc:subfield code="a">116415768X</marc:subfield>
        </marc:datafield>
        <marc:datafield ind1=" " ind2=" " tag="020">
            <marc:subfield code="a">9783492983945</marc:subfield>
            <marc:subfield code="9">978-3-492-98394-5</marc:subfield>
        </marc:datafield>
        <marc:datafield ind1="3" ind2=" " tag="024">
            <marc:subfield code="a">9783492983945</marc:subfield>
        </marc:datafield>
        <marc:datafield ind1="7" ind2=" " tag="024">
            <marc:subfield code="2">urn</marc:subfield>
            <marc:subfield code="a">urn:nbn:de:101:1-2018080903381572120633</marc:subfield>
        </marc:datafield>
        <marc:datafield ind1=" " ind2=" " tag="041">
            <marc:subfield code="a">ger</marc:subfield>
        </marc:datafield>
        <marc:datafield ind1=" " ind2=" " tag="044">
            <marc:subfield code="c">XA-DE-BY</marc:subfield>
        </marc:datafield>
        <marc:datafield ind1="7" ind2="4" tag="082">
            <marc:subfield code="8">1\p</marc:subfield>
            <marc:subfield code="a">830</marc:subfield>
            <marc:subfield code="a">B</marc:subfield>
            <marc:subfield code="q">DE-101</marc:subfield>
            <marc:subfield code="2">23sdnb</marc:subfield>
        </marc:datafield>
        <marc:datafield ind1="1" ind2=" " tag="100">
            <marc:subfield code="a">Cela, Camilo José</marc:subfield>
            <marc:subfield code="e">Verfasser</marc:subfield>
            <marc:subfield code="4">aut</marc:subfield>
            <marc:subfield code="4">http://rdaregistry.info/Elements/w/object/P10061</marc:subfield>
            <marc:subfield code="1">http://viaf.org/viaf/14767431</marc:subfield>
        </marc:datafield>
        <marc:datafield ind1="1" ind2="0" tag="240">
            <marc:subfield code="a">Mrs Caldwell habla con su hijo</marc:subfield>
            <marc:subfield code="1">http://viaf.org/viaf/185952526</marc:subfield>
            <marc:subfield code="l">ger</marc:subfield>
            <marc:subfield code="8" created="true">1</marc:subfield>
        </marc:datafield>
        <marc:datafield ind1="0" ind2="0" tag="245">
            <marc:subfield code="a">Mrs. Caldwell spricht mit ihrem Sohn</marc:subfield>
            <marc:subfield code="b">Roman</marc:subfield>
            <marc:subfield code="c">Camilo José Cela</marc:subfield>
        </marc:datafield>
        <marc:datafield ind1=" " ind2="1" tag="264">
            <marc:subfield code="a">Munich</marc:subfield>
            <marc:subfield code="b">Piper ebooks</marc:subfield>
            <marc:subfield code="b">Piper Edition</marc:subfield>
            <marc:subfield code="c">2018</marc:subfield>
        </marc:datafield>
        <marc:datafield ind1=" " ind2=" " tag="300">
            <marc:subfield code="a">Online-Ressource, 227 Seiten</marc:subfield>
        </marc:datafield>
        <marc:datafield ind1=" " ind2=" " tag="336">
            <marc:subfield code="a">Text</marc:subfield>
            <marc:subfield code="b">txt</marc:subfield>
            <marc:subfield code="2">rdacontent</marc:subfield>
        </marc:datafield>
        <marc:datafield tag="336" ind1=" " ind2=" " a="t">
            <marc:subfield code="a">text</marc:subfield>
            <marc:subfield code="0">http://rdaregistry.info/termList/RDAContentType/1020</marc:subfield>
        </marc:datafield>
        <marc:datafield ind1=" " ind2=" " tag="337">
            <marc:subfield code="a">Computermedien</marc:subfield>
            <marc:subfield code="b">c</marc:subfield>
            <marc:subfield code="2">rdamedia</marc:subfield>
        </marc:datafield>
        <marc:datafield tag="337" ind1=" " ind2=" " a="t">
            <marc:subfield code="a">computer</marc:subfield>
            <marc:subfield code="0">http://rdaregistry.info/termList/RDAMediaType/1003</marc:subfield>
        </marc:datafield>
        <marc:datafield ind1=" " ind2=" " tag="338">
            <marc:subfield code="a">Online-Ressource</marc:subfield>
            <marc:subfield code="b">cr</marc:subfield>
            <marc:subfield code="2">rdacarrier</marc:subfield>
        </marc:datafield>
        <marc:datafield tag="338" ind1=" " ind2=" " a="t">
            <marc:subfield code="a">online</marc:subfield>
            <marc:subfield code="0">http://rdaregistry.info/termList/RDACarrierType/1018</marc:subfield>
        </marc:datafield>
        <marc:datafield tag="380" ind1=" " ind2=" ">
            <marc:subfield code="a">Language-based work</marc:subfield>
            <marc:subfield code="0">https://schema.nb.no/Bibliographic/Values/V1000</marc:subfield>
        </marc:datafield>
        <marc:datafield ind1=" " ind2=" " tag="500">
            <marc:subfield code="a">Lizenzpflichtig</marc:subfield>
        </marc:datafield>
        <marc:datafield ind1="1" ind2=" " tag="583">
            <marc:subfield code="a">Langzeitarchivierung gewährleistet</marc:subfield>
            <marc:subfield code="i">LZA</marc:subfield>
        </marc:datafield>
        <marc:datafield ind1="1" ind2=" " tag="700">
            <marc:subfield code="a">Theile-Bruhns, Gerda</marc:subfield>
            <marc:subfield code="e">Übersetzer</marc:subfield>
            <marc:subfield code="4">trl</marc:subfield>
            <marc:subfield code="4">http://rdaregistry.info/Elements/e/object/P20037</marc:subfield>
            <marc:subfield code="1">http://example.org/theilebruhnsgerda</marc:subfield>
        </marc:datafield>
        <marc:datafield ind1="0" ind2="8" tag="776">
            <marc:subfield code="i">Erscheint auch als</marc:subfield>
            <marc:subfield code="n">Druck-Ausgabe</marc:subfield>
            <marc:subfield code="z">9783492550246</marc:subfield>
        </marc:datafield>
        <marc:datafield ind1="4" ind2="0" tag="856">
            <marc:subfield code="u">http://nbn-resolving.de/urn:nbn:de:101:1-2018080903381572120633</marc:subfield>
            <marc:subfield code="x">Resolving-System</marc:subfield>
        </marc:datafield>
        <marc:datafield ind1=" " ind2="0" tag="856">
            <marc:subfield code="u">http://d-nb.info/116415768X/34</marc:subfield>
            <marc:subfield code="x">Langzeitarchivierung Nationalbibliothek</marc:subfield>
        </marc:datafield>
        <marc:datafield ind1="4" ind2=" " tag="856">
            <marc:subfield code="q">epub</marc:subfield>
        </marc:datafield>
        <marc:datafield tag="740" created="true">
            <marc:subfield code="8">1</marc:subfield>
            <marc:subfield code="a">Mrs Caldwell spricht mit ihrem
                    Sohn</marc:subfield>
        </marc:datafield>
    </marc:record>