
    <marc:record type="Bibliographic" source="1989-DNB-Spain-Camilo-Cela.xml">
        <marc:leader>00000nam a2200000 c 4500</marc:leader>
        <marc:controlfield tag="001">900852704</marc:controlfield>
        <marc:controlfield tag="003">DE-101</marc:controlfield>
        <marc:controlfield tag="005">20171202150854.0</marc:controlfield>
        <marc:controlfield tag="007">tu</marc:controlfield>
        <marc:controlfield tag="008">900615s1990    gw ||||| |||| 00||||ger  </marc:controlfield>
        <marc:datafield ind1=" " ind2=" " tag="015">
            <marc:subfield code="a">90,A27,1081</marc:subfield>
            <marc:subfield code="2">dnb</marc:subfield>
        </marc:datafield>
        <marc:datafield ind1="7" ind2=" " tag="016">
            <marc:subfield code="2">DE-101</marc:subfield>
            <marc:subfield code="a">900852704</marc:subfield>
        </marc:datafield>
        <marc:datafield ind1=" " ind2=" " tag="020">
            <marc:subfield code="a">9783492032933</marc:subfield>
            <marc:subfield code="c">Gewebe : DM 36.00</marc:subfield>
            <marc:subfield code="9">978-3-492-03293-3</marc:subfield>
        </marc:datafield>
        <marc:datafield ind1=" " ind2=" " tag="020">
            <marc:subfield code="a">3492032931</marc:subfield>
            <marc:subfield code="c">Gewebe : DM 36.00</marc:subfield>
            <marc:subfield code="9">3-492-03293-1</marc:subfield>
        </marc:datafield>
        <marc:datafield ind1=" " ind2=" " tag="041">
            <marc:subfield code="a">ger</marc:subfield>
        </marc:datafield>
        <marc:datafield ind1=" " ind2=" " tag="043">
            <marc:subfield code="c">XA-ES</marc:subfield>
            <marc:subfield code="c">XA-ES</marc:subfield>
        </marc:datafield>
        <marc:datafield ind1=" " ind2=" " tag="044">
            <marc:subfield code="c">XA-DE</marc:subfield>
        </marc:datafield>
        <marc:datafield ind1=" " ind2=" " tag="084">
            <marc:subfield code="a">61</marc:subfield>
            <marc:subfield code="a">64</marc:subfield>
            <marc:subfield code="a">59</marc:subfield>
            <marc:subfield code="a">55</marc:subfield>
            <marc:subfield code="a">900</marc:subfield>
            <marc:subfield code="a">910</marc:subfield>
            <marc:subfield code="a">914.3</marc:subfield>
            <marc:subfield code="q">DE-101</marc:subfield>
            <marc:subfield code="2">sdnb</marc:subfield>
        </marc:datafield>
        <marc:datafield ind1="1" ind2=" " tag="100">
            <marc:subfield code="a">Cela, Camilo José</marc:subfield>
            <marc:subfield code="d">1916-2002</marc:subfield>
            <marc:subfield code="e">Verfasser</marc:subfield>
            <marc:subfield code="4">aut</marc:subfield>
            <marc:subfield code="4">http://rdaregistry.info/Elements/w/object/P10061</marc:subfield>
            <marc:subfield code="1">http://viaf.org/viaf/14767431</marc:subfield>
        </marc:datafield>
        <marc:datafield ind1="0" ind2="0" tag="245">
            <marc:subfield code="a">Ein Vagabund im Dienste Spaniens</marc:subfield>
            <marc:subfield code="c">Camilo José Cela. Hrsg., ausgew. u. mit e. Nachbemerkung von
                Ricardo Bada. Aus d. Span. von Hildegard Moral</marc:subfield>
        </marc:datafield>
        <marc:datafield ind1=" " ind2="1" tag="264">
            <marc:subfield code="a">München</marc:subfield>
            <marc:subfield code="a">Zürich</marc:subfield>
            <marc:subfield code="b">Piper</marc:subfield>
            <marc:subfield code="c">1990</marc:subfield>
        </marc:datafield>
        <marc:datafield ind1=" " ind2=" " tag="300">
            <marc:subfield code="a">233 S.</marc:subfield>
            <marc:subfield code="b">13 Ill.</marc:subfield>
            <marc:subfield code="c">21 cm</marc:subfield>
        </marc:datafield>
        <marc:datafield ind1=" " ind2=" " tag="336">
            <marc:subfield code="a">Text</marc:subfield>
            <marc:subfield code="b">txt</marc:subfield>
            <marc:subfield code="2">rdacontent</marc:subfield>
        </marc:datafield>
        <marc:datafield tag="336" ind1=" " ind2=" " a="t">
            <marc:subfield code="a">text</marc:subfield>
            <marc:subfield code="0">http://rdaregistry.info/termList/RDAContentType/1020</marc:subfield>
        </marc:datafield>
        <marc:datafield ind1=" " ind2=" " tag="337">
            <marc:subfield code="a">ohne Hilfsmittel zu benutzen</marc:subfield>
            <marc:subfield code="b">n</marc:subfield>
            <marc:subfield code="2">rdamedia</marc:subfield>
        </marc:datafield>
        <marc:datafield tag="337" ind1=" " ind2=" " a="t">
            <marc:subfield code="a">unmediated</marc:subfield>
            <marc:subfield code="0">http://rdaregistry.info/termList/RDAMediaType/1007</marc:subfield>
        </marc:datafield>
        <marc:datafield ind1=" " ind2=" " tag="338">
            <marc:subfield code="a">Band</marc:subfield>
            <marc:subfield code="b">nc</marc:subfield>
            <marc:subfield code="2">rdacarrier</marc:subfield>
        </marc:datafield>
        <marc:datafield tag="338" ind1=" " ind2=" " a="t">
            <marc:subfield code="a">volume</marc:subfield>
            <marc:subfield code="0">http://rdaregistry.info/termList/RDACarrierType/1049</marc:subfield>
        </marc:datafield>
        <marc:datafield tag="380" ind1=" " ind2=" " a="t2">
            <marc:subfield code="a">Language-based work</marc:subfield>
            <marc:subfield code="0">https://schema.nb.no/Bibliographic/Values/V1000</marc:subfield>
        </marc:datafield>
        <marc:datafield ind1=" " ind2="7" tag="648">
            <marc:subfield code="a">Sozialgeschichte 1948-1964</marc:subfield>
            <marc:subfield code="2">gnd</marc:subfield>
        </marc:datafield>
        <marc:datafield ind1="0" ind2="0" tag="689">
            <marc:subfield code="0">(DE-588)4055964-6</marc:subfield>
            <marc:subfield code="0">http://d-nb.info/gnd/4055964-6</marc:subfield>
            <marc:subfield code="0">(DE-101)040559645</marc:subfield>
            <marc:subfield code="D">g</marc:subfield>
            <marc:subfield code="a">Spanien</marc:subfield>
        </marc:datafield>
        <marc:datafield ind1="0" ind2="1" tag="689">
            <marc:subfield code="A">f</marc:subfield>
            <marc:subfield code="a">Reisebericht 1948-1964</marc:subfield>
        </marc:datafield>
        <marc:datafield ind1="0" ind2=" " tag="689">
            <marc:subfield code="5">DE-101</marc:subfield>
            <marc:subfield code="5">DE-101</marc:subfield>
        </marc:datafield>
        <marc:datafield ind1="1" ind2="0" tag="689">
            <marc:subfield code="0">(DE-588)4055964-6</marc:subfield>
            <marc:subfield code="0">http://d-nb.info/gnd/4055964-6</marc:subfield>
            <marc:subfield code="0">(DE-101)040559645</marc:subfield>
            <marc:subfield code="D">g</marc:subfield>
            <marc:subfield code="a">Spanien</marc:subfield>
        </marc:datafield>
        <marc:datafield ind1="1" ind2="1" tag="689">
            <marc:subfield code="A">z</marc:subfield>
            <marc:subfield code="a">Sozialgeschichte 1948-1964</marc:subfield>
        </marc:datafield>
        <marc:datafield ind1="1" ind2=" " tag="689">
            <marc:subfield code="5">DE-101</marc:subfield>
            <marc:subfield code="5">DE-101</marc:subfield>
        </marc:datafield>
        <marc:datafield ind1="1" ind2="2" tag="700">
            <marc:subfield code="a">Cela, Camilo José</marc:subfield>
            <marc:subfield code="d">1916-2002</marc:subfield>
            <marc:subfield code="t">Viaje a la Alcarria</marc:subfield>
            <marc:subfield code="1p">http://viaf.org/viaf/14767431</marc:subfield>
            <marc:subfield code="1">http://viaf.org/viaf/181108754</marc:subfield>
            <marc:subfield code="l">ger</marc:subfield>
            <marc:subfield code="8" created="true">1</marc:subfield>
        </marc:datafield>
        <marc:datafield ind1="1" ind2=" " tag="700">
            <marc:subfield code="a">Moral, Hildegard</marc:subfield>
            <marc:subfield code="4">trl</marc:subfield>
            <marc:subfield code="4">http://rdaregistry.info/Elements/e/object/P20037</marc:subfield>
            <marc:subfield code="1">http://example.org/moralhildegard</marc:subfield>
        </marc:datafield>
        <marc:datafield ind1="4" ind2="2" tag="856">
            <marc:subfield code="m">B:DE-101</marc:subfield>
            <marc:subfield code="q">application/pdf</marc:subfield>
            <marc:subfield code="u">http://d-nb.info/900852704/04</marc:subfield>
            <marc:subfield code="3">Inhaltsverzeichnis</marc:subfield>
        </marc:datafield>
        <marc:datafield tag="740" created="true">
            <marc:subfield code="8">1</marc:subfield>
            <marc:subfield code="a">Die Alcarria</marc:subfield>
        </marc:datafield>
    </marc:record>